@Manual{R-base,
  title = {R: A Language and Environment for Statistical Computing},
  author = {{R Core Team}},
  organization = {R Foundation for Statistical Computing},
  address = {Vienna, Austria},
  year = {2022},
  url = {https://www.R-project.org/},
}
@Manual{R-papaja,
  title = {{papaja}: {Prepare} reproducible {APA} journal articles with {R Markdown}},
  author = {Frederik Aust and Marius Barth},
  year = {2022},
  note = {R package version 0.1.1},
  url = {https://github.com/crsh/papaja},
}
@Manual{R-tinylabels,
  title = {{tinylabels}: Lightweight Variable Labels},
  author = {Marius Barth},
  year = {2022},
  note = {R package version 0.2.3},
  url = {https://cran.r-project.org/package=tinylabels},
}
@Manual{R-BayesFactor,
  title = {BayesFactor: Computation of Bayes Factors for Common Designs},
  author = {Richard D. Morey and Jeffrey N. Rouder},
  year = {2022},
  note = {R package version 0.9.12-4.4},
  url = {https://CRAN.R-project.org/package=BayesFactor},
}
@Article{R-bayesplot,
  title = {Visualization in Bayesian workflow},
  author = {Jonah Gabry and Daniel Simpson and Aki Vehtari and Michael Betancourt and Andrew Gelman},
  year = {2019},
  journal = {J. R. Stat. Soc. A},
  volume = {182},
  issue = {2},
  pages = {389-402},
  doi = {10.1111/rssa.12378},
}
@Article{R-bayestestR,
  title = {bayestestR: Describing Effects and their Uncertainty, Existence and Significance within the Bayesian Framework.},
  author = {Dominique Makowski and Mattan S. Ben-Shachar and Daniel Lüdecke},
  journal = {Journal of Open Source Software},
  doi = {10.21105/joss.01541},
  year = {2019},
  number = {40},
  volume = {4},
  pages = {1541},
  url = {https://joss.theoj.org/papers/10.21105/joss.01541},
}
@Article{R-brms_a,
  title = {{brms}: An {R} Package for {Bayesian} Multilevel Models Using {Stan}},
  author = {Paul-Christian Bürkner},
  journal = {Journal of Statistical Software},
  year = {2017},
  volume = {80},
  number = {1},
  pages = {1--28},
  doi = {10.18637/jss.v080.i01},
  encoding = {UTF-8},
}
@Article{R-brms_b,
  title = {Advanced {Bayesian} Multilevel Modeling with the {R} Package {brms}},
  author = {Paul-Christian Bürkner},
  journal = {The R Journal},
  year = {2018},
  volume = {10},
  number = {1},
  pages = {395--411},
  doi = {10.32614/RJ-2018-017},
  encoding = {UTF-8},
}
@Article{R-brms_c,
  title = {Bayesian Item Response Modeling in {R} with {brms} and {Stan}},
  author = {Paul-Christian Bürkner},
  journal = {Journal of Statistical Software},
  year = {2021},
  volume = {100},
  number = {5},
  pages = {1--54},
  doi = {10.18637/jss.v100.i05},
  encoding = {UTF-8},
}
@Article{R-coda,
  title = {CODA: Convergence Diagnosis and Output Analysis for MCMC},
  author = {Martyn Plummer and Nicky Best and Kate Cowles and Karen Vines},
  journal = {R News},
  year = {2006},
  volume = {6},
  number = {1},
  pages = {7--11},
  url = {https://journal.r-project.org/archive/},
  pdf = {https://www.r-project.org/doc/Rnews/Rnews_2006-1.pdf},
}
@Manual{R-DT,
  title = {DT: A Wrapper of the JavaScript Library 'DataTables'},
  author = {Yihui Xie and Joe Cheng and Xianying Tan},
  year = {2022},
  note = {R package version 0.26},
  url = {https://CRAN.R-project.org/package=DT},
}
@Manual{R-ggcorrplot,
  title = {ggcorrplot: Visualization of a Correlation Matrix using 'ggplot2'},
  author = {Alboukadel Kassambara},
  year = {2022},
  note = {R package version 0.1.4},
  url = {https://CRAN.R-project.org/package=ggcorrplot},
}
@Book{R-ggplot2,
  author = {Hadley Wickham},
  title = {ggplot2: Elegant Graphics for Data Analysis},
  publisher = {Springer-Verlag New York},
  year = {2016},
  isbn = {978-3-319-24277-4},
  url = {https://ggplot2.tidyverse.org},
}
@Manual{R-ggprism,
  title = {ggprism: A 'ggplot2' Extension Inspired by 'GraphPad Prism'},
  author = {Charlotte Dawson},
  year = {2021},
  note = {R package version 1.0.3},
  url = {https://CRAN.R-project.org/package=ggprism},
}
@Manual{R-ggthemes,
  title = {ggthemes: Extra Themes, Scales and Geoms for 'ggplot2'},
  author = {Jeffrey B. Arnold},
  year = {2021},
  note = {R package version 4.2.4},
  url = {https://CRAN.R-project.org/package=ggthemes},
}
@Manual{R-kableExtra,
  title = {kableExtra: Construct Complex Table with 'kable' and Pipe Syntax},
  author = {Hao Zhu},
  year = {2021},
  note = {R package version 1.3.4},
  url = {https://CRAN.R-project.org/package=kableExtra},
}
@Manual{R-languageserver,
  title = {languageserver: Language Server Protocol},
  author = {Randy Lai},
  year = {2022},
  note = {R package version 0.3.14},
  url = {https://CRAN.R-project.org/package=languageserver},
}
@Article{R-lubridate,
  title = {Dates and Times Made Easy with {lubridate}},
  author = {Garrett Grolemund and Hadley Wickham},
  journal = {Journal of Statistical Software},
  year = {2011},
  volume = {40},
  number = {3},
  pages = {1--25},
  url = {https://www.jstatsoft.org/v40/i03/},
}
@Manual{R-Matrix,
  title = {Matrix: Sparse and Dense Matrix Classes and Methods},
  author = {Douglas Bates and Martin Maechler and Mikael Jagan},
  year = {2022},
  note = {R package version 1.5-1},
  url = {https://CRAN.R-project.org/package=Matrix},
}
@Manual{R-psych,
  title = {psych: Procedures for Psychological, Psychometric, and Personality Research},
  author = {William Revelle},
  organization = { Northwestern University},
  address = { Evanston, Illinois},
  year = {2022},
  note = {R package version 2.2.9},
  url = {https://CRAN.R-project.org/package=psych},
}
@Article{R-Rcpp_a,
  title = {{Rcpp}: Seamless {R} and {C++} Integration},
  author = {Dirk Eddelbuettel and Romain Fran\c{c}ois},
  journal = {Journal of Statistical Software},
  year = {2011},
  volume = {40},
  number = {8},
  pages = {1--18},
  doi = {10.18637/jss.v040.i08},
}
@Article{R-Rcpp_b,
  title = {{Extending 	extit{R} with 	extit{C++}: A Brief Introduction to 	extit{Rcpp}}},
  author = {Dirk Eddelbuettel and James Joseph Balamuta},
  journal = {The American Statistician},
  year = {2018},
  volume = {72},
  number = {1},
  pages = {28-36},
  doi = {10.1080/00031305.2017.1375990},
}
@Misc{R-rstan,
  title = {{RStan}: the {R} interface to {Stan}},
  author = {{Stan Development Team}},
  note = {R package version 2.21.7},
  year = {2022},
  url = {https://mc-stan.org/},
}
@Manual{R-sjPlot,
  title = {sjPlot: Data Visualization for Statistics in Social Science},
  author = {Daniel Lüdecke},
  year = {2022},
  note = {R package version 2.8.11},
  url = {https://CRAN.R-project.org/package=sjPlot},
}
@Misc{R-StanHeaders,
  title = {{StanHeaders}: Headers for the {R} interface to {Stan}},
  author = {{Stan Development Team}},
  note = {R package version 2.21.0-6},
  year = {2020},
  url = {https://mc-stan.org/},
}
@Manual{R-stringr,
  title = {stringr: Simple, Consistent Wrappers for Common String Operations},
  author = {Hadley Wickham},
  year = {2022},
  note = {R package version 1.4.1},
  url = {https://CRAN.R-project.org/package=stringr},
}
@Manual{R-tidyr,
  title = {tidyr: Tidy Messy Data},
  author = {Hadley Wickham and Maximilian Girlich},
  year = {2022},
  note = {R package version 1.2.1},
  url = {https://CRAN.R-project.org/package=tidyr},
}
@Article{R-blavaan_a,
  title = {Efficient {B}ayesian Structural Equation Modeling in {Stan}},
  author = {Edgar C. Merkle and Ellen Fitzsimmons and James Uanhoro and Ben Goodrich},
  journal = {Journal of Statistical Software},
  year = {2021},
  volume = {100},
  number = {6},
  pages = {1--22},
  doi = {10.18637/jss.v100.i06},
}
@Article{R-blavaan_b,
  title = {{blavaan}: Bayesian Structural Equation Models via Parameter Expansion},
  author = {Edgar C. Merkle and Yves Rosseel},
  journal = {Journal of Statistical Software},
  year = {2018},
  volume = {85},
  number = {4},
  pages = {1--30},
  doi = {10.18637/jss.v085.i04},
}
@Manual{R-cmdstanr,
  title = {cmdstanr: R Interface to 'CmdStan'},
  author = {Jonah Gabry and Rok Češnovar},
  year = {2022},
  note = {https://mc-stan.org/cmdstanr/, https://discourse.mc-stan.org},
}
@Article{R-correlation,
  title = {Methods and Algorithms for Correlation Analysis in R.},
  author = {Dominique Makowski and Mattan S. Ben-Shachar and Indrajeet Patil and Daniel Lüdecke},
  doi = {10.21105/joss.02306},
  year = {2020},
  journal = {Journal of Open Source Software},
  number = {51},
  volume = {5},
  pages = {2306},
  url = {https://joss.theoj.org/papers/10.21105/joss.02306},
}
@Manual{R-corrplot2021,
  title = {R package 'corrplot': Visualization of a Correlation Matrix},
  author = {Taiyun Wei and Viliam Simko},
  year = {2021},
  note = {(Version 0.92)},
  url = {https://github.com/taiyun/corrplot},
}
@Manual{R-data.table,
  title = {data.table: Extension of `data.frame`},
  author = {Matt Dowle and Arun Srinivasan},
  year = {2022},
  note = {R package version 1.14.4},
  url = {https://CRAN.R-project.org/package=data.table},
}
@Manual{R-DiagrammeR,
  title = {DiagrammeR: Graph/Network Visualization},
  author = {Richard Iannone},
  year = {2022},
  note = {R package version 1.0.9},
  url = {https://CRAN.R-project.org/package=DiagrammeR},
}
@Manual{R-dplyr,
  title = {dplyr: A Grammar of Data Manipulation},
  author = {Hadley Wickham and Romain François and Lionel Henry and Kirill Müller},
  year = {2022},
  note = {R package version 1.0.10},
  url = {https://CRAN.R-project.org/package=dplyr},
}
@Manual{R-formatR,
  title = {formatR: Format R Code Automatically},
  author = {Yihui Xie},
  year = {2022},
  note = {R package version 1.12},
  url = {https://CRAN.R-project.org/package=formatR},
}
@Manual{R-gghighlight,
  title = {gghighlight: Highlight Lines and Points in 'ggplot2'},
  author = {Hiroaki Yutani},
  year = {2022},
  note = {R package version 0.4.0},
  url = {https://CRAN.R-project.org/package=gghighlight},
}
@Article{R-ggmcmc,
  title = {{ggmcmc}: Analysis of {MCMC} Samples and {B}ayesian Inference},
  author = {Xavier Fern{\'a}ndez-i-Mar{\'i}n},
  journal = {Journal of Statistical Software},
  year = {2016},
  volume = {70},
  number = {9},
  pages = {1--20},
  doi = {10.18637/jss.v070.i09},
}
@Manual{R-ggpubr,
  title = {ggpubr: 'ggplot2' Based Publication Ready Plots},
  author = {Alboukadel Kassambara},
  year = {2020},
  note = {R package version 0.4.0},
  url = {https://CRAN.R-project.org/package=ggpubr},
}
@Manual{R-ggridges,
  title = {ggridges: Ridgeline Plots in 'ggplot2'},
  author = {Claus O. Wilke},
  year = {2022},
  note = {R package version 0.5.4},
  url = {https://CRAN.R-project.org/package=ggridges},
}
@Manual{R-ggtext,
  title = {ggtext: Improved Text Rendering Support for 'ggplot2'},
  author = {Claus O. Wilke and Brenton M. Wiernik},
  year = {2022},
  note = {R package version 0.1.2},
  url = {https://CRAN.R-project.org/package=ggtext},
}
@Manual{R-gridExtra,
  title = {gridExtra: Miscellaneous Functions for "Grid" Graphics},
  author = {Baptiste Auguie},
  year = {2017},
  note = {R package version 2.3},
  url = {https://CRAN.R-project.org/package=gridExtra},
}
@Manual{R-gtable,
  title = {gtable: Arrange 'Grobs' in Tables},
  author = {Hadley Wickham and Thomas Lin Pedersen},
  year = {2022},
  note = {R package version 0.3.1},
  url = {https://CRAN.R-project.org/package=gtable},
}
@Article{R-gtsummary,
  author = {Daniel D. Sjoberg and Karissa Whiting and Michael Curry and Jessica A. Lavery and Joseph Larmarange},
  title = {Reproducible Summary Tables with the gtsummary Package},
  journal = {{The R Journal}},
  year = {2021},
  url = {https://doi.org/10.32614/RJ-2021-053},
  doi = {10.32614/RJ-2021-053},
  volume = {13},
  issue = {1},
  pages = {570-580},
}
@Manual{R-htmlTable,
  title = {htmlTable: Advanced Tables for Markdown/HTML},
  author = {Max Gordon and Stephen Gragg and Peter Konings},
  year = {2022},
  note = {R package version 2.4.1},
  url = {https://CRAN.R-project.org/package=htmlTable},
}
@Manual{R-htmlwidgets,
  title = {htmlwidgets: HTML Widgets for R},
  author = {Ramnath Vaidyanathan and Yihui Xie and JJ Allaire and Joe Cheng and Carson Sievert and Kenton Russell},
  year = {2021},
  note = {R package version 1.5.4},
  url = {https://CRAN.R-project.org/package=htmlwidgets},
}
@Manual{R-huxtable,
  title = {huxtable: Easily Create and Style Tables for LaTeX, HTML and Other Formats},
  author = {David Hugh-Jones},
  year = {2022},
  note = {R package version 5.5.0},
  url = {https://CRAN.R-project.org/package=huxtable},
}
@Article{R-insight,
  title = {{insight}: A Unified Interface to Access Information from Model Objects in {R}.},
  volume = {4},
  doi = {10.21105/joss.01412},
  number = {38},
  journal = {Journal of Open Source Software},
  author = {Daniel Lüdecke and Philip Waggoner and Dominique Makowski},
  year = {2019},
  pages = {1412},
}
@Book{R-knitr,
  title = {Dynamic Documents with {R} and knitr},
  author = {Yihui Xie},
  publisher = {Chapman and Hall/CRC},
  address = {Boca Raton, Florida},
  year = {2015},
  edition = {2nd},
  note = {ISBN 978-1498716963},
  url = {https://yihui.org/knitr/},
}
@Article{R-lavaan,
  title = {{lavaan}: An {R} Package for Structural Equation Modeling},
  author = {Yves Rosseel},
  journal = {Journal of Statistical Software},
  year = {2012},
  volume = {48},
  number = {2},
  pages = {1--36},
  doi = {10.18637/jss.v048.i02},
}
@Article{R-OpenMx_a,
  title = {Open{M}x 2.0: {E}xtended structural equation and statistical modeling},
  author = {Michael C. Neale and Michael D. Hunter and Joshua N. Pritikin and Mahsa Zahery and Timothy R. Brick and Robert M. Kirkpatrick and Ryne Estabrook and Timothy C. Bates and Hermine H. Maes and Steven M. Boker},
  journal = {Psychometrika},
  publisher = {Psychometric Society},
  year = {2016},
  volume = {81},
  number = {2},
  pages = {535-549},
  doi = {10.1007/s11336-014-9435-8},
}
@Article{R-OpenMx_b,
  title = {Modular open-source software for {I}tem {F}actor {A}nalysis},
  author = {Joshua N. Pritikin and Michael D. Hunter and Steven M. Boker},
  journal = {Educational and Psychological Measurement},
  year = {2015},
  volume = {75},
  number = {3},
  pages = {458-474},
}
@Article{R-OpenMx_c,
  title = {State Space Modeling in an Open Source, Modular, Structural Equation Modeling Environment},
  author = {Michael D. Hunter},
  journal = {Structural Equation Modeling},
  year = {2018},
  volume = {25},
  number = {2},
  pages = {307-324},
  doi = {10.1080/10705511.2017.1369354},
}
@Article{R-parameters,
  title = {Extracting, Computing and Exploring the Parameters of Statistical Models using {R}.},
  volume = {5},
  doi = {10.21105/joss.02445},
  number = {53},
  journal = {Journal of Open Source Software},
  author = {Daniel Lüdecke and Mattan S. Ben-Shachar and Indrajeet Patil and Dominique Makowski},
  year = {2020},
  pages = {2445},
}
@Book{R-plotly,
  author = {Carson Sievert},
  title = {Interactive Web-Based Data Visualization with R, plotly, and shiny},
  publisher = {Chapman and Hall/CRC},
  year = {2020},
  isbn = {9781138331457},
  url = {https://plotly-r.com},
}
@Manual{R-purrr,
  title = {purrr: Functional Programming Tools},
  author = {Lionel Henry and Hadley Wickham},
  year = {2022},
  note = {R package version 0.3.5},
  url = {https://CRAN.R-project.org/package=purrr},
}
@Manual{R-RColorBrewer,
  title = {RColorBrewer: ColorBrewer Palettes},
  author = {Erich Neuwirth},
  year = {2022},
  note = {R package version 1.1-3},
  url = {https://CRAN.R-project.org/package=RColorBrewer},
}
@Manual{R-readr,
  title = {readr: Read Rectangular Text Data},
  author = {Hadley Wickham and Jim Hester and Jennifer Bryan},
  year = {2022},
  note = {R package version 2.1.3},
  url = {https://CRAN.R-project.org/package=readr},
}
@Manual{R-readxl,
  title = {readxl: Read Excel Files},
  author = {Hadley Wickham and Jennifer Bryan},
  year = {2022},
  note = {R package version 1.4.1},
  url = {https://CRAN.R-project.org/package=readxl},
}
@Book{R-rmarkdown_a,
  title = {R Markdown: The Definitive Guide},
  author = {Yihui Xie and J.J. Allaire and Garrett Grolemund},
  publisher = {Chapman and Hall/CRC},
  address = {Boca Raton, Florida},
  year = {2018},
  note = {ISBN 9781138359338},
  url = {https://bookdown.org/yihui/rmarkdown},
}
@Book{R-rmarkdown_b,
  title = {R Markdown Cookbook},
  author = {Yihui Xie and Christophe Dervieux and Emily Riederer},
  publisher = {Chapman and Hall/CRC},
  address = {Boca Raton, Florida},
  year = {2020},
  note = {ISBN 9780367563837},
  url = {https://bookdown.org/yihui/rmarkdown-cookbook},
}
@Manual{R-semPlot,
  title = {semPlot: Path Diagrams and Visual Analysis of Various SEM Packages'
Output},
  author = {Sacha Epskamp},
  year = {2022},
  note = {R package version 1.1.6},
  url = {https://CRAN.R-project.org/package=semPlot},
}
@Manual{R-shiny,
  title = {shiny: Web Application Framework for R},
  author = {Winston Chang and Joe Cheng and JJ Allaire and Carson Sievert and Barret Schloerke and Yihui Xie and Jeff Allen and Jonathan McPherson and Alan Dipert and Barbara Borges},
  year = {2022},
  note = {R package version 1.7.2},
  url = {https://CRAN.R-project.org/package=shiny},
}
@Article{R-stringi,
  title = {{stringi}: {F}ast and portable character string processing in {R}},
  author = {Marek Gagolewski},
  journal = {Journal of Statistical Software},
  year = {2022},
  volume = {103},
  number = {2},
  pages = {1--59},
  doi = {10.18637/jss.v103.i02},
}
@Manual{R-svgPanZoom,
  title = {svgPanZoom: R 'Htmlwidget' to Add Pan and Zoom to Almost any R Graphic},
  author = {Anders {Riutta et. al.} and Jorik Tangelder and Kent Russell},
  year = {2020},
  note = {R package version 0.3.4},
  url = {https://CRAN.R-project.org/package=svgPanZoom},
}
@Manual{R-table1,
  title = {table1: Tables of Descriptive Statistics in HTML},
  author = {Benjamin Rich},
  year = {2021},
  note = {R package version 1.4.2},
  url = {https://CRAN.R-project.org/package=table1},
}
@Manual{R-tidybayes,
  title = {{tidybayes}: Tidy Data and Geoms for {Bayesian} Models},
  author = {Matthew Kay},
  year = {2022},
  note = {R package version 3.0.2},
  url = {http://mjskay.github.io/tidybayes/},
  doi = {10.5281/zenodo.1308151},
}
@Manual{R-tidySEM,
  title = {tidySEM: Tidy Structural Equation Modeling},
  author = {Caspar J. {van Lissa}},
  year = {2022},
  note = {R package version 0.2.3},
  url = {https://CRAN.R-project.org/package=tidySEM},
}
@Manual{R-xtable,
  title = {xtable: Export Tables to LaTeX or HTML},
  author = {David B. Dahl and David Scott and Charles Roosen and Arni Magnusson and Jonathan Swinton},
  year = {2019},
  note = {R package version 1.8-4},
  url = {https://CRAN.R-project.org/package=xtable},
}
@Manual{R-DiagrammeRsvg,
  title = {DiagrammeRsvg: Export DiagrammeR Graphviz Graphs as SVG},
  author = {Richard Iannone},
  year = {2016},
  note = {R package version 0.1},
  url = {https://CRAN.R-project.org/package=DiagrammeRsvg},
}
