@article{crick1994,
  title = {A Review and Reformulation of Social Information-Processing Mechanisms in Children's Social Adjustment.},
  author = {Crick, Nicki R. and Dodge, Kenneth A.},
  year = {1994},
  journal = {Psychological Bulletin},
  volume = {115},
  number = {1},
  pages = {74--101},
  issn = {1939-1455(Electronic),0033-2909(Print)},
  doi = {10.1037/0033-2909.115.1.74}
}

