@incollection{keltner2010,
  title = {Paradoxes of Power: Dynamics of the Acquisition, Experience, and Social Regulation of Social Power.},
  booktitle = {The Social Psychology of Power.},
  author = {Keltner, Dacher and Gruenfeld, Deborah and Galinsky, Adam and Kraus, Michael W.},
  year = {2010},
  pages = {177--208},
  publisher = {{Guilford Press}},
  address = {{New York,  NY,  US}},
  isbn = {978-1-60623-619-2 (Hardcover)}
}

