@article{ajzen1991,
  title = {The Theory of Planned Behavior},
  author = {Ajzen, Icek},
  year = {1991},
  month = dec,
  journal = {Organizational Behavior and Human Decision Processes},
  series = {Theories of {{Cognitive Self-Regulation}}},
  volume = {50},
  number = {2},
  pages = {179--211},
  issn = {0749-5978},
  doi = {10.1016/0749-5978(91)90020-T},
  language = {en}
}

@article{amit2012,
  title = {You See, the Ends Don't Justify the Means: Visual Imagery and Moral Judgment},
  shorttitle = {You See, the Ends Don't Justify the Means},
  author = {Amit, Elinor and Greene, Joshua D.},
  year = {2012},
  month = aug,
  journal = {Psychological Science},
  volume = {23},
  number = {8},
  pages = {861--868},
  issn = {0956-7976, 1467-9280},
  doi = {10.1177/0956797611434965},
  language = {en}
}

@article{aquino2002,
  title = {The Self-Importance of Moral Identity.},
  author = {Aquino, Karl and Reed, Americus},
  year = {2002},
  journal = {Journal of Personality and Social Psychology},
  volume = {83},
  number = {6},
  pages = {1423--1440},
  issn = {1939-1315, 0022-3514},
  doi = {10.1037/0022-3514.83.6.1423},
  language = {en}
}

@article{armstrong2019,
  title = {Clarifying Gender Differences in Moral Dilemma Judgments: The Complementary Roles of Harm Aversion and Action Aversion},
  shorttitle = {Clarifying Gender Differences in Moral Dilemma Judgments},
  author = {Armstrong, Joel and Friesdorf, Rebecca and Conway, Paul},
  year = {2019},
  month = apr,
  journal = {Social Psychological and Personality Science},
  volume = {10},
  number = {3},
  pages = {353--363},
  issn = {1948-5506, 1948-5514},
  doi = {10.1177/1948550618755873},
  language = {en}
}

@article{baly2010,
  title = {Leaving Abusive Relationships: Constructions of Self and Situation by Abused Women},
  shorttitle = {Leaving Abusive Relationships},
  author = {Baly, Andrew R.},
  year = {2010},
  month = dec,
  journal = {Journal of Interpersonal Violence},
  volume = {25},
  number = {12},
  pages = {2297--2315},
  publisher = {{SAGE Publications Inc}},
  issn = {0886-2605},
  doi = {10.1177/0886260509354885},
  language = {en}
}

@article{bandura1996,
  title = {Mechanisms of Moral Disengagement in the Exercise of Moral Agency.},
  author = {Bandura, Albert and Barbaranelli, Claudio and Caprara, Gian Vittorio and Pastorelli, Concetta},
  year = {1996},
  journal = {Journal of Personality and Social Psychology},
  volume = {71},
  number = {2},
  pages = {364--374},
  issn = {1939-1315, 0022-3514},
  doi = {10.1037/0022-3514.71.2.364},
  language = {en}
}

@article{bauman2014,
  title = {Revisiting External Validity: Concerns about Trolley Problems and Other Sacrificial Dilemmas in Moral Psychology},
  shorttitle = {Revisiting External Validity},
  author = {Bauman, Christopher W. and McGraw, A. Peter and Bartels, Daniel M. and Warren, Caleb},
  year = {2014},
  journal = {Social and Personality Psychology Compass},
  volume = {8},
  number = {9},
  pages = {536--554},
  issn = {1751-9004},
  doi = {10.1111/spc3.12131},
  copyright = {\textcopyright{} 2014 John Wiley \& Sons Ltd},
  language = {en}
}

@article{bernstein2020,
  title = {The Paradox of Rodrigo Duterte},
  author = {Bernstein, Richard},
  year = {2020},
  month = feb,
  journal = {The Atlantic},
  chapter = {Global; https://web.archive.org/web/20211124141602/https://www.theatlantic.com/international/archive/2020/02/philippines-rodrigo-duterte-china/606754/},
  language = {en}
}

@article{bhattacharya2017,
  title = {Humility: An Emerging Construct in Moral Psychology},
  shorttitle = {Humility},
  author = {Bhattacharya, Oindrila and Chatterjee, Amita and Basu, Jayanti},
  year = {2017},
  month = mar,
  journal = {Psychological Studies},
  volume = {62},
  number = {1},
  pages = {1--11},
  issn = {0974-9861},
  doi = {10.1007/s12646-017-0387-9},
  language = {en}
}

@article{bialek2019,
  title = {What Is the Right Question for Moral Psychology to Answer? {{Commentary}} on Bostyn, Sevenhant, and Roets (2018)},
  shorttitle = {What Is the Right Question for Moral Psychology to Answer?},
  author = {Bia{\l}ek, Micha{\l} and Turpin, Martin Harry and Fugelsang, Jonathan A.},
  year = {2019},
  month = sep,
  journal = {Psychological Science},
  volume = {30},
  number = {9},
  pages = {1383--1385},
  issn = {0956-7976, 1467-9280},
  doi = {10.1177/0956797618815171},
  language = {en}
}

@article{blair1995,
  title = {A Cognitive Developmental Approach to Morality: Investigating the Psychopath},
  shorttitle = {A Cognitive Developmental Approach to Morality},
  author = {Blair, R},
  year = {1995},
  month = oct,
  journal = {Cognition},
  volume = {57},
  number = {1},
  pages = {1--29},
  issn = {00100277},
  doi = {10.1016/0010-0277(95)00676-P},
  language = {en}
}

@article{blair2011,
  title = {Moral Judgment and Psychopathy},
  author = {Blair, R.J.R.},
  year = {2011},
  month = jul,
  journal = {Emotion Review},
  volume = {3},
  number = {3},
  pages = {296--298},
  issn = {1754-0739, 1754-0747},
  doi = {10.1177/1754073911406297},
  language = {en}
}

@article{blanchardfields1999,
  title = {Age Relevance and Context Effects on Attributions across the Adult Lifespan},
  author = {{Blanchard-Fields}, Fredda and Baldi, Renee and Stein, Renee},
  year = {1999},
  month = sep,
  journal = {International Journal of Behavioral Development},
  volume = {23},
  number = {3},
  pages = {665--683},
  issn = {0165-0254},
  doi = {10.1080/016502599383748},
  language = {en}
}

@article{blasi1983,
  title = {Moral Cognition and Moral Action: A Theoretical Perspective},
  shorttitle = {Moral Cognition and Moral Action},
  author = {Blasi, Augusto},
  year = {1983},
  month = jun,
  journal = {Developmental Review},
  volume = {3},
  number = {2},
  pages = {178--210},
  issn = {0273-2297},
  doi = {10.1016/0273-2297(83)90029-1},
  language = {en}
}

@article{bostyn2018,
  title = {Of Mice, Men, and Trolleys: Hypothetical Judgment versus Real-Life Behavior in Trolley-Style Moral Dilemmas},
  shorttitle = {Of Mice, Men, and Trolleys},
  author = {Bostyn, Dries H. and Sevenhant, Sybren and Roets, Arne},
  year = {2018},
  month = jul,
  journal = {Psychological Science},
  volume = {29},
  number = {7},
  pages = {1084--1093},
  issn = {0956-7976, 1467-9280},
  doi = {10.1177/0956797617752640},
  language = {en}
}

@article{bracht2018,
  title = {Moral Judgments, Gender, and Antisocial Preferences: An Experimental Study},
  shorttitle = {Moral Judgments, Gender, and Antisocial Preferences},
  author = {Bracht, Juergen and Zylbersztejn, Adam},
  year = {2018},
  month = oct,
  journal = {Theory and Decision},
  volume = {85},
  number = {3},
  pages = {389--406},
  issn = {1573-7187},
  doi = {10.1007/s11238-018-9668-6},
  language = {en}
}

@article{bright2006,
  title = {Gruesome Evidence and Emotion: Anger, Blame, and Jury Decision-Making},
  shorttitle = {Gruesome Evidence and Emotion},
  author = {Bright, David A. and {Goodman-Delahunty}, Jane},
  year = {2006},
  month = apr,
  journal = {Law and Human Behavior},
  volume = {30},
  number = {2},
  pages = {183--202},
  issn = {0147-7307},
  doi = {10.1007/s10979-006-9027-y},
  language = {eng},
  pmid = {16786406}
}

@misc{bynion2018,
  title = {Glamorizing Dictators},
  author = {Bynion, Timothy},
  year = {2018},
  month = feb,
  journal = {Towson University Journal of International Affairs},
  language = {en-US}
}

@article{canto2014,
  title = {The Role of Right-Wing Authoritarianism, Sexism and Culture of Honour in Rape Myths Acceptance / El Papel Del Autoritarismo de Derechas, Del Sexismo y de La Cultura Del Honor En La Aceptaci\'on de Los Mitos Sobre La Violaci\'on},
  author = {Canto, Jes{\'u}s M. and Perles, Fabiola and Mart{\'i}n, Jes{\'u}s San},
  year = {2014},
  month = may,
  journal = {International Journal of Social Psychology},
  volume = {29},
  number = {2},
  pages = {296--318},
  publisher = {{Routledge}},
  issn = {0213-4748},
  doi = {10.1080/02134748.2014.918822}
}

@article{chapman2011,
  title = {Varieties of Moral Emotional Experience},
  author = {Chapman, Hanah A. and Anderson, Adam K.},
  year = {2011},
  month = jul,
  journal = {Emotion Review},
  volume = {3},
  number = {3},
  pages = {255--257},
  issn = {1754-0739, 1754-0747},
  doi = {10.1177/1754073911402389},
  language = {en}
}

@article{cheng2013,
  title = {The Arousal Model of Moral Condemnation},
  author = {Cheng, Justin S. and Ottati, Victor C. and Price, Erika D.},
  year = {2013},
  month = nov,
  journal = {Journal of Experimental Social Psychology},
  volume = {49},
  number = {6},
  pages = {1012--1018},
  issn = {00221031},
  doi = {10.1016/j.jesp.2013.06.006},
  language = {en}
}

@article{christopher1985,
  title = {Premarital Sexual Pathways and Relationship Development},
  author = {Christopher, F. Scott and Cate, Rodney M.},
  year = {1985},
  month = sep,
  journal = {Journal of Social and Personal Relationships},
  volume = {2},
  number = {3},
  pages = {271--288},
  issn = {0265-4075, 1460-3608},
  doi = {10.1177/0265407585023003},
  language = {en}
}

@article{chu2018,
  title = {Moral Judgments and Social Stereotypes: Do the Age and Gender of the Perpetrator and the Victim Matter?},
  shorttitle = {Moral Judgments and Social Stereotypes},
  author = {Chu, Qiao and Gr{\"u}hn, Daniel},
  year = {2018},
  month = may,
  journal = {Social Psychological and Personality Science},
  volume = {9},
  number = {4},
  pages = {426--434},
  issn = {1948-5506, 1948-5514},
  doi = {10.1177/1948550617711226},
  language = {en}
}

@article{clifford2015,
  title = {Moral Foundations Vignettes: A Standardized Stimulus Database of Scenarios Based on Moral Foundations Theory},
  shorttitle = {Moral Foundations Vignettes},
  author = {Clifford, Scott and Iyengar, Vijeth and Cabeza, Roberto and {Sinnott-Armstrong}, Walter},
  year = {2015},
  month = dec,
  journal = {Behavior Research Methods},
  volume = {47},
  number = {4},
  pages = {1178--1198},
  issn = {1554-3528},
  doi = {10.3758/s13428-014-0551-2},
  language = {en}
}

@article{cluttonbrock1995,
  title = {Punishment in Animal Societies},
  author = {{Clutton-Brock}, T. H. and Parker, G. A.},
  year = {1995},
  month = jan,
  journal = {Nature},
  volume = {373},
  number = {6511},
  pages = {209--216},
  issn = {1476-4687},
  doi = {10.1038/373209a0},
  copyright = {1995 Nature Publishing Group},
  language = {en}
}

@article{colman2019,
  title = {Comparing Hypothetical and Real-Life Trolley Problems: Commentary on Bostyn, Sevenhant, and Roets (2018)},
  shorttitle = {Comparing Hypothetical and Real-Life Trolley Problems},
  author = {Colman, Andrew M. and Gold, Natalie and Pulford, Briony D.},
  year = {2019},
  month = sep,
  journal = {Psychological Science},
  volume = {30},
  number = {9},
  pages = {1386--1388},
  issn = {0956-7976, 1467-9280},
  doi = {10.1177/0956797619827880},
  language = {en}
}

@article{curtis2018,
  title = {The Structure and Function of Pathogen Disgust},
  author = {Curtis, Val and {de Barra}, M{\'i}che{\'a}l},
  year = {2018},
  month = jul,
  journal = {Philosophical Transactions of the Royal Society B: Biological Sciences},
  volume = {373},
  number = {1751},
  pages = {20170208},
  issn = {0962-8436, 1471-2970},
  doi = {10.1098/rstb.2017.0208},
  language = {en}
}

@article{cushman2006,
  title = {The Role of Conscious Reasoning and Intuition in Moral Judgment: Testing Three Principles of Harm},
  shorttitle = {The Role of Conscious Reasoning and Intuition in Moral Judgment},
  author = {Cushman, Fiery and Young, Liane and Hauser, Marc},
  year = {2006},
  month = dec,
  journal = {Psychological Science},
  volume = {17},
  number = {12},
  pages = {1082--1089},
  issn = {0956-7976, 1467-9280},
  doi = {10.1111/j.1467-9280.2006.01834.x},
  language = {en}
}

@article{cushman2012,
  title = {Finding Faults: How Moral Dilemmas Illuminate Cognitive Structure},
  shorttitle = {Finding Faults},
  author = {Cushman, Fiery and Greene, Joshua D.},
  year = {2012},
  month = may,
  journal = {Social Neuroscience},
  volume = {7},
  number = {3},
  pages = {269--279},
  issn = {1747-0919, 1747-0927},
  doi = {10.1080/17470919.2011.614000},
  language = {en}
}

@article{cushman2013,
  title = {Action, Outcome, and Value: A Dual-System Framework for Morality},
  shorttitle = {Action, Outcome, and Value},
  author = {Cushman, Fiery},
  year = {2013},
  month = aug,
  journal = {Personality and Social Psychology Review},
  volume = {17},
  number = {3},
  pages = {273--292},
  issn = {1088-8683, 1532-7957},
  doi = {10.1177/1088868313495594},
  language = {en}
}

@article{dane2007,
  title = {Exploring Intuition and Its Role in Managerial Decision Making},
  author = {Dane, Erik and Pratt, Michael G.},
  year = {2007},
  journal = {The Academy of Management Review},
  volume = {32},
  number = {1},
  pages = {33--54},
  publisher = {{Academy of Management}},
  address = {{US}},
  issn = {1930-3807(Electronic),0363-7425(Print)},
  doi = {10.2307/20159279}
}

@article{darley1990,
  title = {Moral Rules: Their Content and Acquisition},
  shorttitle = {Moral Rules},
  author = {Darley, J M and Shultz, T R},
  year = {1990},
  month = jan,
  journal = {Annual Review of Psychology},
  volume = {41},
  number = {1},
  pages = {525--556},
  issn = {0066-4308, 1545-2085},
  doi = {10.1146/annurev.ps.41.020190.002521},
  language = {en}
}

@article{dijksterhuis2006,
  title = {On Making the Right Choice: The Deliberation-without-Attention Effect},
  shorttitle = {On Making the Right Choice},
  author = {Dijksterhuis, Ap and Bos, Maarten W. and Nordgren, Loran F. and van Baaren, Rick B.},
  year = {2006},
  month = feb,
  journal = {Science},
  volume = {311},
  number = {5763},
  pages = {1005--1007},
  issn = {0036-8075, 1095-9203},
  doi = {10.1126/science.1121629},
  copyright = {American Association for the Advancement of Science},
  language = {en},
  pmid = {16484496}
}

@article{dubljevic2018,
  title = {Deciphering Moral Intuition: How Agents, Deeds, and Consequences Influence Moral Judgment},
  shorttitle = {Deciphering Moral Intuition},
  author = {Dubljevi{\'c}, Veljko and Sattler, Sebastian and Racine, Eric},
  editor = {Ferrer, Rodrigo},
  year = {2018},
  month = oct,
  journal = {PLOS ONE},
  volume = {13},
  number = {10},
  pages = {e0204631},
  issn = {1932-6203},
  doi = {10.1371/journal.pone.0204631},
  language = {en}
}

@article{ellemers2019,
  title = {The Psychology of Morality: A Review and Analysis of Empirical Studies Published from 1940 through 2017},
  shorttitle = {The Psychology of Morality},
  author = {Ellemers, Naomi and {van der Toorn}, Jojanneke and Paunov, Yavor and {van Leeuwen}, Thed},
  year = {2019},
  month = nov,
  journal = {Personality and Social Psychology Review},
  volume = {23},
  number = {4},
  pages = {332--366},
  issn = {1088-8683},
  doi = {10.1177/1088868318811759},
  language = {en}
}

@article{erber2006,
  title = {Perceptions of Forgetful and Slow Employees: Does Age Matter?},
  shorttitle = {Perceptions of Forgetful and Slow Employees},
  author = {Erber, Joan T. and Long, Beverly A.},
  year = {2006},
  month = nov,
  journal = {The Journals of Gerontology: Series B},
  volume = {61},
  number = {6},
  pages = {P333-P339},
  issn = {1079-5014},
  doi = {10.1093/geronb/61.6.P333},
  language = {en}
}

@article{eskine2011,
  title = {A Bad Taste in the Mouth: Gustatory Disgust Influences Moral Judgment},
  shorttitle = {A Bad Taste in the Mouth},
  author = {Eskine, Kendall J. and Kacinik, Natalie A. and Prinz, Jesse J.},
  year = {2011},
  month = mar,
  journal = {Psychological Science},
  volume = {22},
  number = {3},
  pages = {295--299},
  issn = {0956-7976, 1467-9280},
  doi = {10.1177/0956797611398497},
  language = {en}
}

@article{feinberg2012,
  title = {Liberating Reason from the Passions: Overriding Intuitionist Moral Judgments through Emotion Reappraisal},
  shorttitle = {Liberating Reason from the Passions},
  author = {Feinberg, Matthew and Willer, Robb and Antonenko, Olga and John, Oliver P.},
  year = {2012},
  journal = {Psychological Science},
  volume = {23},
  number = {7},
  pages = {788--795},
  issn = {0956-7976},
  doi = {10.1177/0956797611434747}
}

@article{fiske2007,
  title = {Universal Dimensions of Social Cognition: Warmth and Competence},
  shorttitle = {Universal Dimensions of Social Cognition},
  author = {Fiske, Susan T. and Cuddy, Amy J. C. and Glick, Peter},
  year = {2007},
  month = feb,
  journal = {Trends in Cognitive Sciences},
  volume = {11},
  number = {2},
  pages = {77--83},
  issn = {1364-6613},
  doi = {10.1016/j.tics.2006.11.005},
  language = {en}
}

@article{gamezdjokic2016,
  title = {Beyond Affective Influences on Deontological Moral Judgment: The Role of Motivations for Prevention in the Moral Condemnation of Harm},
  shorttitle = {Beyond Affective Influences on Deontological Moral Judgment},
  author = {{Gamez-Djokic}, Monica and Molden, Daniel},
  year = {2016},
  month = nov,
  journal = {Personality and Social Psychology Bulletin},
  volume = {42},
  number = {11},
  pages = {1522--1537},
  issn = {0146-1672, 1552-7433},
  doi = {10.1177/0146167216665094},
  language = {en}
}

@article{gino2011,
  title = {Unable to Resist Temptation: How Self-Control Depletion Promotes Unethical Behavior},
  shorttitle = {Unable to Resist Temptation},
  author = {Gino, Francesca and Schweitzer, Maurice E. and Mead, Nicole L. and Ariely, Dan},
  year = {2011},
  month = jul,
  journal = {Organizational Behavior and Human Decision Processes},
  volume = {115},
  number = {2},
  pages = {191--203},
  issn = {0749-5978},
  doi = {10.1016/j.obhdp.2011.03.001},
  language = {en}
}

@article{glenn2009,
  title = {The Neural Correlates of Moral Decision-Making in Psychopathy},
  author = {Glenn, A L and Raine, A and Schug, R A},
  year = {2009},
  month = jan,
  journal = {Molecular Psychiatry},
  volume = {14},
  number = {1},
  pages = {5--6},
  issn = {1359-4184, 1476-5578},
  doi = {10.1038/mp.2008.104},
  language = {en}
}

@article{goodwin2014,
  title = {Moral Character Predominates in Person Perception and Evaluation.},
  author = {Goodwin, Geoffrey P. and Piazza, Jared and Rozin, Paul},
  year = {2014},
  journal = {Journal of Personality and Social Psychology},
  volume = {106},
  number = {1},
  pages = {148--168},
  issn = {1939-1315, 0022-3514},
  doi = {10.1037/a0034726},
  language = {en}
}

@article{graham2009,
  title = {Liberals and Conservatives Rely on Different Sets of Moral Foundations.},
  author = {Graham, Jesse and Haidt, Jonathan and Nosek, Brian A.},
  year = {2009},
  journal = {Journal of Personality and Social Psychology},
  volume = {96},
  number = {5},
  pages = {1029--1046},
  issn = {1939-1315, 0022-3514},
  doi = {10.1037/a0015141},
  language = {en}
}

@article{graham2011,
  title = {Mapping the Moral Domain.},
  author = {Graham, Jesse and Nosek, Brian A. and Haidt, Jonathan and Iyer, Ravi and Koleva, Spassena and Ditto, Peter H.},
  year = {2011},
  journal = {Journal of Personality and Social Psychology},
  volume = {101},
  number = {2},
  pages = {366--385},
  issn = {1939-1315, 0022-3514},
  doi = {10.1037/a0021847},
  language = {en}
}

@article{graham2014,
  title = {Morality beyond the Lab},
  author = {Graham, Jesse},
  year = {2014},
  month = sep,
  journal = {Science},
  volume = {345},
  number = {6202},
  pages = {1242--1242},
  issn = {0036-8075, 1095-9203},
  doi = {10.1126/science.1259500},
  copyright = {Copyright \textcopyright{} 2014, American Association for the Advancement of Science},
  language = {en},
  pmid = {25214589}
}

@article{gray2012,
  title = {Mind Perception Is the Essence of Morality},
  author = {Gray, Kurt and Young, Liane and Waytz, Adam},
  year = {2012},
  month = apr,
  journal = {Psychological Inquiry},
  volume = {23},
  number = {2},
  pages = {101--124},
  issn = {1047-840X},
  doi = {10.1080/1047840X.2012.651387},
  pmid = {22754268}
}

@article{greene2001,
  title = {An {{fMRI}} Investigation of Emotional Engagement in Moral Judgment},
  author = {Greene, J. D.},
  year = {2001},
  month = sep,
  journal = {Science},
  volume = {293},
  number = {5537},
  pages = {2105--2108},
  issn = {00368075, 10959203},
  doi = {10.1126/science.1062872},
  language = {en}
}

@article{greene2002,
  title = {How (and Where) Does Moral Judgment Work?},
  author = {Greene, Joshua and Haidt, Jonathan},
  year = {2002},
  month = dec,
  journal = {Trends in Cognitive Sciences},
  volume = {6},
  number = {12},
  pages = {517--523},
  issn = {13646613},
  doi = {10.1016/S1364-6613(02)02011-9},
  language = {en}
}

@article{greene2008,
  title = {Cognitive Load Selectively Interferes with Utilitarian Moral Judgment},
  author = {Greene, Joshua D. and Morelli, Sylvia A. and Lowenberg, Kelly and Nystrom, Leigh E. and Cohen, Jonathan D.},
  year = {2008},
  month = jun,
  journal = {Cognition},
  volume = {107},
  number = {3},
  pages = {1144--1154},
  issn = {00100277},
  doi = {10.1016/j.cognition.2007.11.004},
  language = {en}
}

@article{greene2009,
  title = {Pushing Moral Buttons: The Interaction between Personal Force and Intention in Moral Judgment},
  shorttitle = {Pushing Moral Buttons},
  author = {Greene, Joshua D. and Cushman, Fiery A. and Stewart, Lisa E. and Lowenberg, Kelly and Nystrom, Leigh E. and Cohen, Jonathan D.},
  year = {2009},
  month = jun,
  journal = {Cognition},
  volume = {111},
  number = {3},
  pages = {364--371},
  issn = {00100277},
  doi = {10.1016/j.cognition.2009.02.001},
  language = {en}
}

@article{greene2015,
  title = {The Rise of Moral Cognition | Elsevier Enhanced Reader},
  author = {Greene, Joshua D.},
  year = {2015},
  journal = {Cognition},
  volume = {135},
  pages = {4},
  doi = {10.1016/j.cognition.2014.11.018},
  language = {en}
}

@article{haidt2001,
  title = {The Emotional Dog and Its Rational Tail: A Social Intuitionist Approach to Moral Judgment},
  shorttitle = {The Emotional Dog and Its Rational Tail},
  author = {Haidt, Jonathan},
  year = {2001},
  journal = {Psychological Review},
  volume = {108},
  number = {4},
  pages = {814--834},
  publisher = {{American Psychological Association}},
  address = {{US}},
  issn = {1939-1471(Electronic),0033-295X(Print)},
  doi = {10.1037/0033-295X.108.4.814}
}

@article{haidt2004,
  title = {Intuitive Ethics: How Innately Prepared Intuitions Generate Culturally Variable Virtues},
  shorttitle = {Intuitive Ethics},
  author = {Haidt, Jonathan and Joseph, Craig},
  year = {2004},
  month = sep,
  journal = {Daedalus},
  volume = {133},
  number = {4},
  pages = {55--66},
  issn = {0011-5266, 1548-6192},
  doi = {10.1162/0011526042365555},
  language = {en}
}

@article{haidt2007,
  title = {The New Synthesis in Moral Psychology},
  author = {Haidt, J.},
  year = {2007},
  month = may,
  journal = {Science},
  volume = {316},
  number = {5827},
  pages = {998--1002},
  issn = {0036-8075, 1095-9203},
  doi = {10.1126/science.1137651},
  language = {en}
}

@article{haidt2013,
  title = {Moral Psychology for the Twenty-First Century},
  author = {Haidt, Jonathan},
  year = {2013},
  journal = {Journal of Moral Education},
  volume = {42},
  number = {3},
  pages = {281--297},
  publisher = {{Routledge}},
  issn = {0305-7240},
  doi = {10.1080/03057240.2013.817327},
  language = {eng}
}

@article{heekeren2005,
  title = {Influence of Bodily Harm on Neural Correlates of Semantic and Moral Decision-Making},
  author = {Heekeren, Hauke R. and Wartenburger, Isabell and Schmidt, Helge and Prehn, Kristin and Schwintowski, Hans-Peter and Villringer, Arno},
  year = {2005},
  month = feb,
  journal = {NeuroImage},
  volume = {24},
  number = {3},
  pages = {887--897},
  issn = {1053-8119},
  doi = {10.1016/j.neuroimage.2004.09.026},
  language = {eng},
  pmid = {15652323}
}

@article{horberg2009,
  title = {Disgust and the Moralization of Purity.},
  author = {Horberg, E. J. and Oveis, Christopher and Keltner, Dacher and Cohen, Adam B.},
  year = {2009},
  journal = {Journal of Personality and Social Psychology},
  volume = {97},
  number = {6},
  pages = {963--976},
  issn = {1939-1315, 0022-3514},
  doi = {10.1037/a0017423},
  language = {en}
}

@article{horberg2011,
  title = {Emotions as Moral Amplifiers: An Appraisal Tendency Approach to the Influences of Distinct Emotions upon Moral Judgment},
  shorttitle = {Emotions as Moral Amplifiers},
  author = {Horberg, Elizabeth J. and Oveis, Christopher and Keltner, Dacher},
  year = {2011},
  month = jul,
  journal = {Emotion Review},
  volume = {3},
  number = {3},
  pages = {237--244},
  issn = {1754-0739},
  doi = {10.1177/1754073911402384},
  language = {en}
}

@article{huebner2009,
  title = {The Role of Emotion in Moral Psychology},
  author = {Huebner, Bryce and Dwyer, Susan and Hauser, Marc},
  year = {2009},
  month = jan,
  journal = {Trends in Cognitive Sciences},
  volume = {13},
  number = {1},
  pages = {1--6},
  issn = {13646613},
  doi = {10.1016/j.tics.2008.09.006},
  language = {en}
}

@article{huebner2011,
  title = {Critiquing Empirical Moral Psychology},
  author = {Huebner, Bryce},
  year = {2011},
  month = mar,
  journal = {Philosophy of the Social Sciences},
  volume = {41},
  number = {1},
  pages = {50--83},
  issn = {0048-3931, 1552-7441},
  doi = {10.1177/0048393110388888},
  language = {en}
}

@article{johnson2014,
  title = {Does Cleanliness Influence Moral Judgments?: A Direct Replication Of},
  shorttitle = {Does Cleanliness Influence Moral Judgments?},
  author = {Johnson, David J. and Cheung, Felix and Donnellan, M. Brent},
  year = {2014},
  month = may,
  journal = {Social Psychology},
  volume = {45},
  number = {3},
  pages = {209--215},
  issn = {1864-9335, 2151-2590},
  doi = {10.1027/1864-9335/a000186},
  language = {en}
}

@article{jonason2017,
  title = {Good v. Evil: Predicting Sinning with Dark Personality Traits and Moral Foundations},
  shorttitle = {Good v. Evil},
  author = {Jonason, Peter K. and {Zeigler-Hill}, Virgil and Okan, Ceylan},
  year = {2017},
  month = jan,
  journal = {Personality and Individual Differences},
  volume = {104},
  pages = {180--185},
  issn = {0191-8869},
  doi = {10.1016/j.paid.2016.08.002},
  language = {en}
}

@article{jost2003,
  title = {Political Conservatism as Motivated Social Cognition.},
  author = {Jost, John T. and Glaser, Jack and Kruglanski, Arie W. and Sulloway, Frank J.},
  year = {2003},
  journal = {Psychological Bulletin},
  volume = {129},
  number = {3},
  pages = {339--375},
  issn = {1939-1455, 0033-2909},
  doi = {10.1037/0033-2909.129.3.339},
  language = {en}
}

@article{kirby2021,
  title = {North Korea on the Brink of the Biden Administration: Human Rights, Peace, and Security},
  shorttitle = {North Korea on the Brink of the Biden Administration},
  author = {Kirby, Michael},
  year = {2021},
  month = aug,
  journal = {Indiana International \& Comparative Law Review},
  volume = {31},
  number = {2},
  pages = {309--327},
  issn = {2169-3226},
  copyright = {Copyright (c) 2021},
  language = {en}
}

@article{laakasuo2017,
  title = {Individual Differences in Moral Disgust Do Not Predict Utilitarian Judgments, Sexual and Pathogen Disgust Do},
  author = {Laakasuo, Michael and Sundvall, Jukka and Drosinou, Marianna},
  year = {2017},
  month = apr,
  journal = {Scientific Reports},
  volume = {7},
  number = {1},
  pages = {45526},
  issn = {2045-2322},
  doi = {10.1038/srep45526},
  language = {en}
}

@article{lambert2000,
  title = {The Role of Political Ideology in Mediating Judgments of Blame in Rape Victims and Their Assailants: A Test of the Just World, Personal Responsibility, and Legitimization Hypotheses},
  shorttitle = {The Role of Political Ideology in Mediating Judgments of Blame in Rape Victims and Their Assailants},
  author = {Lambert, Alan J. and Raichle, Katherine},
  year = {2000},
  month = sep,
  journal = {Personality and Social Psychology Bulletin},
  volume = {26},
  number = {7},
  pages = {853--863},
  publisher = {{SAGE Publications Inc}},
  issn = {0146-1672},
  doi = {10.1177/0146167200269010},
  language = {en}
}

@article{landy2015,
  title = {Does Incidental Disgust Amplify Moral Judgment? {{A}} Meta-Analytic Review of Experimental Evidence},
  shorttitle = {Does Incidental Disgust Amplify Moral Judgment?},
  author = {Landy, Justin F. and Goodwin, Geoffrey P.},
  year = {2015},
  month = jul,
  journal = {Perspectives on Psychological Science},
  volume = {10},
  number = {4},
  pages = {518--536},
  publisher = {{SAGE Publications Inc}},
  issn = {1745-6916},
  doi = {10.1177/1745691615583128},
  language = {en}
}

@article{leach2007,
  title = {Group Virtue: The Importance of Morality (vs. Competence and Sociability) in the Positive Evaluation of in-Groups.},
  shorttitle = {Group Virtue},
  author = {Leach, Colin Wayne and Ellemers, Naomi and Barreto, Manuela},
  year = {2007},
  journal = {Journal of Personality and Social Psychology},
  volume = {93},
  number = {2},
  pages = {234--249},
  issn = {1939-1315, 0022-3514},
  doi = {10.1037/0022-3514.93.2.234},
  language = {en}
}

@article{machan2008,
  title = {Why Moral Judgments Can Be Objective},
  author = {Machan, Tibor R.},
  year = {2008},
  month = jan,
  journal = {Social Philosophy and Policy},
  volume = {25},
  number = {1},
  pages = {100--125},
  issn = {0265-0525, 1471-6437},
  doi = {10.1017/S0265052508080047},
  language = {en}
}

@article{mallon2011,
  title = {Dual Processes and Moral Rules},
  author = {Mallon, Ron and Nichols, Shaun},
  year = {2011},
  month = jul,
  journal = {Emotion Review},
  volume = {3},
  number = {3},
  pages = {284--285},
  issn = {1754-0739, 1754-0747},
  doi = {10.1177/1754073911402376},
  language = {en}
}

@article{may2014,
  title = {Does Disgust Influence Moral Judgment?},
  author = {May, Joshua},
  year = {2014},
  month = jan,
  journal = {Australasian Journal of Philosophy},
  volume = {92},
  number = {1},
  pages = {125--141},
  issn = {0004-8402, 1471-6828},
  doi = {10.1080/00048402.2013.797476},
  language = {en}
}

@article{mazar2008,
  title = {The Dishonesty of Honest People: A Theory of Self-Concept Maintenance},
  shorttitle = {The Dishonesty of Honest People},
  author = {Mazar, Nina and Amir, On and Ariely, Dan},
  year = {2008},
  journal = {Journal of Marketing Research},
  volume = {45},
  number = {6},
  pages = {633--644},
  issn = {0022-2437},
  doi = {10.1509/jmkr.45.6.633}
}

@article{mcauliffe2019,
  title = {Do Emotions Play an Essential Role in Moral Judgments?},
  author = {McAuliffe, William H. B.},
  year = {2019},
  month = apr,
  journal = {Thinking \& Reasoning},
  volume = {25},
  number = {2},
  pages = {207--230},
  issn = {1354-6783, 1464-0708},
  doi = {10.1080/13546783.2018.1499552},
  language = {en}
}

@article{mcclanahan2022,
  title = {Two Ways to Stay at the Top: Prestige and Dominance Are Both Viable Strategies for Gaining and Maintaining Social Rank over Time},
  shorttitle = {Two Ways to Stay at the Top},
  author = {McClanahan, Kaylene J. and Maner, Jon K. and Cheng, Joey T.},
  year = {2022},
  month = oct,
  journal = {Personality and Social Psychology Bulletin},
  volume = {48},
  number = {10},
  pages = {1516--1528},
  publisher = {{SAGE Publications Inc}},
  issn = {0146-1672},
  doi = {10.1177/01461672211042319},
  language = {en}
}

@article{mcguire2009,
  title = {A Reanalysis of the Personal/Impersonal Distinction in Moral Psychology Research},
  author = {McGuire, Jonathan and Langdon, Robyn and Coltheart, Max and Mackenzie, Catriona},
  year = {2009},
  month = may,
  journal = {Journal of Experimental Social Psychology},
  volume = {45},
  number = {3},
  pages = {577--580},
  issn = {00221031},
  doi = {10.1016/j.jesp.2009.01.002},
  language = {en}
}

@article{mcnair2019,
  title = {Age Differences in Moral Judgment: Older Adults Are More Deontological than Younger Adults},
  shorttitle = {Age Differences in Moral Judgment},
  author = {McNair, Simon and Okan, Yasmina and Hadjichristidis, Constantinos and {de Bruin}, W{\"a}ndi Bruine},
  year = {2019},
  month = jan,
  journal = {Journal of Behavioral Decision Making},
  volume = {32},
  number = {1},
  pages = {47--60},
  issn = {08943257},
  doi = {10.1002/bdm.2086},
  language = {en}
}

@article{mikhail2007,
  title = {Universal Moral Grammar: Theory, Evidence and the Future},
  shorttitle = {Universal Moral Grammar},
  author = {Mikhail, John},
  year = {2007},
  month = apr,
  journal = {Trends in Cognitive Sciences},
  volume = {11},
  number = {4},
  pages = {143--152},
  issn = {13646613},
  doi = {10.1016/j.tics.2006.12.007},
  language = {en}
}

@article{milesi2020,
  title = {The Interplay of Modern Myths about Sexual Aggression and Moral Foundations in the Blaming of Rape Victims},
  author = {Milesi, Patrizia and S{\"u}ssenbach, Philipp and Bohner, Gerd and Meg{\'i}as, Jes{\'u}s L.},
  year = {2020},
  month = feb,
  journal = {European Journal of Social Psychology},
  volume = {50},
  number = {1},
  pages = {111--123},
  issn = {0046-2772, 1099-0992},
  doi = {10.1002/ejsp.2622},
  language = {en}
}

@article{milfont2014,
  title = {The Hierarchy Enforcement Hypothesis of Environmental Exploitation: A Social Dominance Perspective},
  shorttitle = {The Hierarchy Enforcement Hypothesis of Environmental Exploitation},
  author = {Milfont, Taciano L. and Sibley, Chris G.},
  year = {2014},
  month = nov,
  journal = {Journal of Experimental Social Psychology},
  volume = {55},
  pages = {188--193},
  issn = {0022-1031},
  doi = {10.1016/j.jesp.2014.07.006},
  language = {en}
}

@article{millar2014,
  title = {For the Greater Goods? {{Ownership}} Rights and Utilitarian Moral Judgment},
  shorttitle = {For the Greater Goods?},
  author = {Millar, J. Charles and Turri, John and Friedman, Ori},
  year = {2014},
  month = oct,
  journal = {Cognition},
  volume = {133},
  number = {1},
  pages = {79--84},
  issn = {0010-0277},
  doi = {10.1016/j.cognition.2014.05.018},
  language = {en}
}

@article{moll2005,
  title = {The Neural Basis of Human Moral Cognition},
  author = {Moll, Jorge and Zahn, Roland and {de Oliveira-Souza}, Ricardo and Krueger, Frank and Grafman, Jordan},
  year = {2005},
  month = oct,
  journal = {Nature Reviews Neuroscience},
  volume = {6},
  number = {10},
  pages = {799--809},
  issn = {1471-003X, 1471-0048},
  doi = {10.1038/nrn1768},
  language = {en}
}

@article{monin2001,
  title = {Moral Credentials and the Expression of Prejudice.},
  author = {Monin, Beno{\^i}t and Miller, Dale T.},
  year = {2001},
  journal = {Journal of Personality and Social Psychology},
  volume = {81},
  number = {1},
  pages = {33--43},
  issn = {1939-1315, 0022-3514},
  doi = {10.1037/0022-3514.81.1.33},
  language = {en}
}

@article{monin2007,
  title = {Deciding versus Reacting: Conceptions of Moral Judgment and the Reason-Affect Debate},
  shorttitle = {Deciding versus Reacting},
  author = {Monin, Beno{\^i}t and Pizarro, David A. and Beer, Jennifer S.},
  year = {2007},
  month = jun,
  journal = {Review of General Psychology},
  volume = {11},
  number = {2},
  pages = {99--111},
  issn = {1089-2680, 1939-1552},
  doi = {10.1037/1089-2680.11.2.99},
  language = {en}
}

@article{mooijman2015,
  title = {The Self in Moral Judgement: How Self-Affirmation Affects the Moral Condemnation of Harmless Sexual Taboo Violations},
  shorttitle = {The Self in Moral Judgement},
  author = {Mooijman, Marlon and Dijk, Wilco W. Van},
  year = {2015},
  month = oct,
  journal = {Cognition and Emotion},
  volume = {29},
  number = {7},
  pages = {1326--1334},
  issn = {0269-9931},
  doi = {10.1080/02699931.2014.985187},
  pmid = {25472625}
}

@article{murphy2001,
  title = {Practical Reason and Moral Psychology in Aristotle and Kant*},
  author = {Murphy, James Bernard},
  year = {2001/ed},
  journal = {Social Philosophy and Policy},
  volume = {18},
  number = {2},
  pages = {257--299},
  issn = {1471-6437, 0265-0525},
  doi = {10.1017/S0265052500002983},
  language = {en}
}

@article{nichols2002,
  title = {Norms with Feeling: Towards a Psychological Account of Moral Judgment},
  shorttitle = {Norms with Feeling},
  author = {Nichols, Shaun},
  year = {2002},
  month = jun,
  journal = {Cognition},
  volume = {84},
  number = {2},
  pages = {221--236},
  issn = {00100277},
  doi = {10.1016/S0010-0277(02)00048-3},
  language = {en}
}

@article{nichols2006,
  title = {Moral Dilemmas and Moral Rules},
  author = {Nichols, Shaun and Mallon, Ron},
  year = {2006},
  month = jul,
  journal = {Cognition},
  volume = {100},
  number = {3},
  pages = {530--542},
  issn = {00100277},
  doi = {10.1016/j.cognition.2005.07.005},
  language = {en}
}

@article{nucci2017,
  title = {Continuities and Discontinuities in the Development of Moral Judgments},
  author = {Nucci, Larry and Turiel, Elliot and Roded, Alona D.},
  year = {2017},
  journal = {Human Development},
  volume = {60},
  number = {6},
  pages = {279--341},
  issn = {0018-716X, 1423-0054},
  doi = {10.1159/000484067},
  language = {en}
}

@article{olatunji2012,
  title = {The Three Domains of Disgust Scale: Factor Structure, Psychometric Properties, and Conceptual Limitations},
  shorttitle = {The Three Domains of Disgust Scale},
  author = {Olatunji, Bunmi O. and Adams, Thomas and Ciesielski, Bethany and David, Bieke and Sarawgi, Shivali and {Broman-Fulks}, Joshua},
  year = {2012},
  month = jun,
  journal = {Assessment},
  volume = {19},
  number = {2},
  pages = {205--225},
  issn = {1073-1911, 1552-3489},
  doi = {10.1177/1073191111432881},
  language = {en}
}

@article{parkinson2011,
  title = {Is Morality Unified? {{Evidence}} That Distinct Neural Systems Underlie Moral Judgments of Harm, Dishonesty, and Disgust},
  shorttitle = {Is Morality Unified?},
  author = {Parkinson, Carolyn and {Sinnott-Armstrong}, Walter and Koralus, Philipp E. and Mendelovici, Angela and McGeer, Victoria and Wheatley, Thalia},
  year = {2011},
  month = oct,
  journal = {Journal of Cognitive Neuroscience},
  volume = {23},
  number = {10},
  pages = {3162--3180},
  issn = {1530-8898},
  doi = {10.1162/jocn_a_00017},
  language = {eng},
  pmid = {21452951}
}

@article{petrinovich1993,
  title = {An Empirical Study of Moral Intuitions: Toward an Evolutionary Ethics.},
  shorttitle = {An Empirical Study of Moral Intuitions},
  author = {Petrinovich, Lewis and O'Neill, Patricia and Jorgensen, Matthew},
  year = {1993},
  journal = {Journal of Personality and Social Psychology},
  volume = {64},
  number = {3},
  pages = {467--478},
  issn = {0022-3514},
  doi = {10.1037/0022-3514.64.3.467},
  language = {en}
}

@article{pitesa2014,
  title = {A Lack of Material Resources Causes Harsher Moral Judgments},
  author = {Pitesa, Marko and Thau, Stefan},
  year = {2014},
  month = mar,
  journal = {Psychological Science},
  volume = {25},
  number = {3},
  pages = {702--710},
  issn = {0956-7976, 1467-9280},
  doi = {10.1177/0956797613514092},
  language = {en}
}

@article{pizarro2003,
  title = {The Intelligence of the Moral Intuitions: A Comment on Haidt (2001).},
  shorttitle = {The Intelligence of the Moral Intuitions},
  author = {Pizarro, David A. and Bloom, Paul},
  year = {2003},
  journal = {Psychological Review},
  volume = {110},
  number = {1},
  pages = {193--196},
  issn = {1939-1471, 0033-295X},
  doi = {10.1037/0033-295X.110.1.193},
  language = {en}
}

@article{poeppl2016,
  title = {The Neural Basis of Sex Differences in Sexual Behavior: A Quantitative Meta-Analysis},
  shorttitle = {The Neural Basis of Sex Differences in Sexual Behavior},
  author = {Poeppl, Timm B. and Langguth, Berthold and Rupprecht, Rainer and Safron, Adam and Bzdok, Danilo and Laird, Angela R. and Eickhoff, Simon B.},
  year = {2016},
  month = oct,
  journal = {Frontiers in neuroendocrinology},
  volume = {43},
  pages = {28--43},
  issn = {0091-3022},
  doi = {10.1016/j.yfrne.2016.10.001},
  pmcid = {PMC5123903},
  pmid = {27742561}
}

@article{prinz2006,
  title = {The Emotional Basis of Moral Judgments},
  author = {Prinz, Jesse},
  year = {2006},
  month = mar,
  journal = {Philosophical Explorations},
  volume = {9},
  number = {1},
  pages = {29--43},
  issn = {1386-9795, 1741-5918},
  doi = {10.1080/13869790500492466},
  language = {en}
}

@article{reeder1983,
  title = {The Attribution of Morality.},
  author = {Reeder, Glenn D. and Spores, John M.},
  year = {1983},
  month = apr,
  journal = {Journal of Personality and Social Psychology},
  volume = {44},
  number = {4},
  pages = {736--745},
  issn = {1939-1315, 0022-3514},
  doi = {10.1037/0022-3514.44.4.736},
  language = {en}
}

@article{royzman2002,
  title = {[No Title Found]},
  author = {Royzman, Edward B. and Baron, Jonathan},
  year = {2002},
  journal = {Social Justice Research},
  volume = {15},
  number = {2},
  pages = {165--184},
  issn = {08857466},
  doi = {10.1023/A:1019923923537}
}

@article{rozin1999,
  title = {The {{CAD}} Triad Hypothesis: A Mapping between Three Moral Emotions (Contempt, Anger, Disgust) and Three Moral Codes (Community, Autonomy, Divinity).},
  shorttitle = {The {{CAD}} Triad Hypothesis},
  author = {Rozin, Paul and Lowery, Laura and Imada, Sumio and Haidt, Jonathan},
  year = {1999},
  journal = {Journal of Personality and Social Psychology},
  volume = {76},
  number = {4},
  pages = {574--586},
  issn = {1939-1315, 0022-3514},
  doi = {10.1037/0022-3514.76.4.574},
  language = {en}
}

@article{saltzstein2004,
  title = {Haidt's Moral Intuitionist Theory: A Psychological and Philosophical Critique},
  shorttitle = {Haidt's Moral Intuitionist Theory},
  author = {Saltzstein, Herbert D. and Kasachkoff, Tziporah},
  year = {2004},
  month = dec,
  journal = {Review of General Psychology},
  volume = {8},
  number = {4},
  pages = {273--282},
  issn = {1089-2680},
  doi = {10.1037/1089-2680.8.4.273},
  language = {en}
}

@article{schaichborg2008,
  title = {Infection, Incest, and Iniquity: Investigating the Neural Correlates of Disgust and Morality},
  shorttitle = {Infection, Incest, and Iniquity},
  author = {Schaich Borg, Jana and Lieberman, Debra and Kiehl, Kent A.},
  year = {2008},
  month = sep,
  journal = {Journal of Cognitive Neuroscience},
  volume = {20},
  number = {9},
  pages = {1529--1546},
  issn = {0898-929X},
  doi = {10.1162/jocn.2008.20109},
  language = {eng},
  pmcid = {PMC3969035},
  pmid = {18345982}
}

@article{schnall2008,
  title = {With a Clean Conscience: Cleanliness Reduces the Severity of Moral Judgments},
  shorttitle = {With a Clean Conscience},
  author = {Schnall, Simone and Benton, Jennifer and Harvey, Sophie},
  year = {2008},
  month = dec,
  journal = {Psychological Science},
  volume = {19},
  number = {12},
  pages = {1219--1222},
  issn = {0956-7976, 1467-9280},
  doi = {10.1111/j.1467-9280.2008.02227.x},
  language = {en}
}

@article{sun2021,
  title = {Differences in Cooperation between Social Dilemmas of Gain and Loss},
  author = {Sun, Qingzhou and Guo, Haozhi and Wang, Jiarui and Zhang, Jing and Jiang, Chengming and Liu, Yongfang},
  year = {2021},
  journal = {Judgment and Decision Making},
  volume = {16},
  number = {6},
  pages = {19},
  language = {en}
}

@article{sussenbach2011,
  title = {{Acceptance of sexual aggression myths in a representative sample of german residents}},
  author = {S{\"u}ssenbach, Philipp and Bohner, Gerd},
  year = {2011},
  journal = {Aggressive Behavior},
  volume = {37},
  number = {4},
  pages = {374--385},
  issn = {1098-2337},
  doi = {10.1002/ab.20390},
  copyright = {\textcopyright{} 2011 Wiley-Liss, Inc.},
  language = {fr}
}

@article{suter2011,
  title = {Time and Moral Judgment},
  author = {Suter, Renata S. and Hertwig, Ralph},
  year = {2011},
  month = jun,
  journal = {Cognition},
  volume = {119},
  number = {3},
  pages = {454--458},
  issn = {00100277},
  doi = {10.1016/j.cognition.2011.01.018},
  language = {en}
}

@article{tangney1996,
  title = {Are Shame, Guilt, and Embarrassment Distinct Emotions?},
  author = {Tangney, June Price and Miller, Rowland S. and Flicker, Laura and Barlow, Deborah Hill},
  year = {1996},
  journal = {Journal of Personality and Social Psychology},
  volume = {70},
  number = {6},
  pages = {1256--1269},
  issn = {1939-1315, 0022-3514},
  doi = {10.1037/0022-3514.70.6.1256},
  language = {en}
}

@article{tangney2006,
  title = {Moral Emotions and Moral Behavior},
  author = {Tangney, June Price and Stuewig, Jeff and Mashek, Debra J.},
  year = {2006},
  month = dec,
  journal = {Annual Review of Psychology},
  volume = {58},
  number = {1},
  pages = {345--372},
  issn = {0066-4308},
  doi = {10.1146/annurev.psych.56.091103.070145}
}

@article{tappin2019,
  title = {Investigating the Relationship between Self-Perceived Moral Superiority and Moral Behavior Using Economic Games},
  author = {Tappin, Ben M. and McKay, Ryan T.},
  year = {2019},
  month = mar,
  journal = {Social Psychological and Personality Science},
  volume = {10},
  number = {2},
  pages = {135--143},
  publisher = {{SAGE Publications Inc}},
  issn = {1948-5506},
  doi = {10.1177/1948550617750736},
  language = {en}
}

@article{thomson2008,
  title = {Turning the Trolley},
  author = {Thomson, Judith Jarvis},
  year = {2008},
  month = sep,
  journal = {Philosophy \& Public Affairs},
  volume = {36},
  number = {4},
  pages = {359--374},
  issn = {00483915, 10884963},
  doi = {10.1111/j.1088-4963.2008.00144.x},
  language = {en}
}

@article{tinghog2016,
  title = {Intuition and Moral Decision-Making \textendash{} the Effect of Time Pressure and Cognitive Load on Moral Judgment and Altruistic Behavior},
  author = {Tingh{\"o}g, Gustav and Andersson, David and Bonn, Caroline and Johannesson, Magnus and Kirchler, Michael and Koppel, Lina and V{\"a}stfj{\"a}ll, Daniel},
  year = {2016},
  month = oct,
  journal = {PLoS ONE},
  volume = {11},
  number = {10},
  issn = {1932-6203},
  doi = {10.1371/journal.pone.0164012},
  pmcid = {PMC5082681},
  pmid = {27783704}
}

@article{tsoi2018,
  title = {Neural Substrates for Moral Judgments of Psychological versus Physical Harm},
  author = {Tsoi, Lily and Dungan, James A and Chakroff, Aleksandr and Young, Liane L},
  year = {2018},
  month = may,
  journal = {Social Cognitive and Affective Neuroscience},
  volume = {13},
  number = {5},
  pages = {460--470},
  issn = {1749-5016, 1749-5024},
  doi = {10.1093/scan/nsy029},
  language = {en}
}

@article{tybur2009,
  title = {Microbes, Mating, and Morality: Individual Differences in Three Functional Domains of Disgust.},
  shorttitle = {Microbes, Mating, and Morality},
  author = {Tybur, Joshua M. and Lieberman, Debra and Griskevicius, Vladas},
  year = {2009},
  journal = {Journal of Personality and Social Psychology},
  volume = {97},
  number = {1},
  pages = {103--122},
  issn = {1939-1315, 0022-3514},
  doi = {10.1037/a0015474},
  language = {en}
}

@article{tybur2013,
  title = {Disgust: Evolved Function and Structure},
  shorttitle = {Disgust},
  author = {Tybur, Joshua M. and Lieberman, Debra and Kurzban, Robert and DeScioli, Peter},
  year = {2013},
  month = jan,
  journal = {Psychological Review},
  volume = {120},
  number = {1},
  pages = {65--84},
  issn = {1939-1471},
  doi = {10.1037/a0030778},
  language = {eng},
  pmid = {23205888}
}

@article{tybur2018,
  title = {Why Do People Vary in Disgust?},
  author = {Tybur, Joshua M. and {\c C}{\i}nar, {\c C}a{\u g}la and Karinen, Annika K. and Perone, Paola},
  year = {2018},
  month = jul,
  journal = {Philosophical Transactions of the Royal Society B: Biological Sciences},
  volume = {373},
  number = {1751},
  issn = {0962-8436},
  doi = {10.1098/rstb.2017.0204},
  pmcid = {PMC6000141},
  pmid = {29866917}
}

@article{uhlmann2013,
  title = {When It Takes a Bad Person to Do the Right Thing},
  author = {Uhlmann, Eric Luis and Zhu, Luke (Lei) and Tannenbaum, David},
  year = {2013},
  month = feb,
  journal = {Cognition},
  volume = {126},
  number = {2},
  pages = {326--334},
  issn = {0010-0277},
  doi = {10.1016/j.cognition.2012.10.005},
  language = {en}
}

@article{uhlmann2015,
  title = {A Person-Centered Approach to Moral Judgment},
  author = {Uhlmann, Eric Luis and Pizarro, David A. and Diermeier, Daniel},
  year = {2015},
  month = jan,
  journal = {Perspectives on Psychological Science},
  volume = {10},
  number = {1},
  pages = {72--81},
  issn = {1745-6916, 1745-6924},
  doi = {10.1177/1745691614556679},
  language = {en}
}

@article{vergauwe2022,
  title = {Storage and Processing in Working Memory: A Single, Domain-General Resource Explains Multitasking},
  shorttitle = {Storage and Processing in Working Memory},
  author = {Vergauwe, Evie and {von Bastian}, Claudia C. and Kostova, Ralitsa and Morey, Candice C.},
  year = {2022},
  journal = {Journal of Experimental Psychology: General},
  volume = {151},
  number = {2},
  pages = {285--301},
  publisher = {{American Psychological Association}},
  address = {{US}},
  issn = {1939-2222},
  doi = {10.1037/xge0000895}
}

@article{waldmann2007,
  title = {Throwing a Bomb on a Person versus Throwing a Person on a Bomb: Intervention Myopia in Moral Intuitions},
  shorttitle = {Throwing a Bomb on a Person versus Throwing a Person on a Bomb},
  author = {Waldmann, Michael R. and Dieterich, J{\"o}rn H.},
  year = {2007},
  month = mar,
  journal = {Psychological Science},
  volume = {18},
  number = {3},
  pages = {247--253},
  issn = {0956-7976, 1467-9280},
  doi = {10.1111/j.1467-9280.2007.01884.x},
  language = {en}
}

@book{walton2013,
  title = {Human Resource Development: Practices and Orthodoxies},
  shorttitle = {Human Resource Development},
  author = {Walton, John and Valentin, Claire},
  year = {2013},
  month = sep,
  publisher = {{Macmillan International Higher Education}},
  googlebooks = {rEodBQAAQBAJ},
  isbn = {978-1-137-36133-2},
  language = {en}
}

@article{watkins2019,
  title = {The Influence of War on Moral Judgments about Harm},
  author = {Watkins, Hanne M. and Laham, Simon},
  year = {2019},
  month = apr,
  journal = {European Journal of Social Psychology},
  volume = {49},
  number = {3},
  pages = {447--460},
  issn = {0046-2772, 1099-0992},
  doi = {10.1002/ejsp.2393},
  language = {en}
}

@article{west2011,
  title = {The Truth and Bias Model of Judgment},
  author = {West, Tessa V. and Kenny, David A.},
  year = {2011},
  month = apr,
  journal = {Psychological Review},
  volume = {118},
  number = {2},
  pages = {357--378},
  issn = {1939-1471},
  doi = {10.1037/a0022936},
  language = {eng},
  pmid = {21480740}
}

@article{wheatley2005,
  title = {Hypnotic Disgust Makes Moral Judgments More Severe},
  author = {Wheatley, T. and Haidt, J.},
  year = {2005},
  month = oct,
  journal = {Psychological Science},
  volume = {16},
  number = {10},
  pages = {780--784},
  issn = {0956-7976},
  doi = {10.1111/j.1467-9280.2005.01614.x},
  language = {en}
}

@article{willemsen2018,
  title = {A New Look at the Attribution of Moral Responsibility: The Underestimated Relevance of Social Roles},
  shorttitle = {A New Look at the Attribution of Moral Responsibility},
  author = {Willemsen, Pascale and Newen, Albert and Kaspar, Kai},
  year = {2018},
  month = may,
  journal = {Philosophical Psychology},
  volume = {31},
  number = {4},
  pages = {595--608},
  issn = {0951-5089},
  doi = {10.1080/09515089.2018.1429592}
}

@article{young2007,
  title = {Potential Moral Stigma and Reactions to Sexually Transmitted Diseases: Evidence for a Disjunction Fallacy},
  shorttitle = {Potential Moral Stigma and Reactions to Sexually Transmitted Diseases},
  author = {Young, Sean D. and Nussbaum, A. David and Monin, Beno{\^i}t},
  year = {2007},
  month = jun,
  journal = {Personality and Social Psychology Bulletin},
  volume = {33},
  number = {6},
  pages = {789--799},
  issn = {0146-1672, 1552-7433},
  doi = {10.1177/0146167207301027},
  language = {en}
}

@article{young2011,
  title = {Moral Universals and Individual Differences},
  author = {Young, Liane and Saxe, Rebecca},
  year = {2011},
  month = jul,
  journal = {Emotion Review},
  volume = {3},
  number = {3},
  pages = {323--324},
  issn = {1754-0739, 1754-0747},
  doi = {10.1177/1754073911402383},
  language = {en}
}

@article{yuill1988,
  title = {Intentionality and Knowledge in Children's Judgments of Actor's Responsibility and Recipient's Emotional Reaction.},
  author = {Yuill, Nicola and Perner, Josef},
  year = {1988},
  journal = {Developmental Psychology},
  volume = {24},
  number = {3},
  pages = {358--365},
  issn = {0012-1649},
  doi = {10.1037/0012-1649.24.3.358},
  language = {en}
}

@article{zhong2006,
  title = {Washing Away Your Sins: Threatened Morality and Physical Cleansing},
  shorttitle = {Washing Away Your Sins},
  author = {Zhong, Chen-Bo and Liljenquist, Katie},
  year = {2006},
  journal = {Science},
  volume = {313},
  number = {5792},
  pages = {1451--1452},
  issn = {0036-8075},
  doi = {10.1126/science.1130726}
}

