@article{bronfenbrenner1977,
  title = {Toward an Experimental Ecology of Human Development.},
  author = {Bronfenbrenner, Urie},
  year = {1977},
  journal = {American Psychologist},
  volume = {32},
  number = {7},
  pages = {513--531},
  issn = {0003-066X},
  doi = {10.1037/0003-066X.32.7.513},
  language = {en}
}

@article{caron2004,
  title = {Evaluation of a Theoretically Based {{AIDS}}/{{STD}} Peer Education Program on Postponing Sexual Intercourse and on Condom Use among Adolescents Attending High School},
  author = {Caron, F. and Godin, G and Otis, J and Lambert, L.D.},
  year = {2004},
  month = apr,
  journal = {Health Education Research},
  volume = {19},
  number = {2},
  pages = {185--197},
  issn = {1465-3648},
  doi = {10.1093/her/cyg017},
  language = {en}
}

@article{castrovazquez2000,
  title = {Masculinity and Condom Use among Mexican Teenagers: The Escuela Nacional Preparatoria No. 1's Case},
  shorttitle = {Masculinity and Condom Use among Mexican Teenagers},
  author = {{Castro-V{\'a}zquez}, Genaro},
  year = {2000},
  month = dec,
  journal = {Gender and Education},
  volume = {12},
  number = {4},
  pages = {479--492},
  issn = {0954-0253, 1360-0516},
  doi = {10.1080/09540250020004117},
  language = {en}
}

@article{crockett2006,
  title = {Linking Self-Regulation and Risk Proneness to Risky Sexual Behavior: Pathways through Peer Pressure and Early Substance Use},
  shorttitle = {Linking Self-Regulation and Risk Proneness to Risky Sexual Behavior},
  author = {Crockett, Lisa J. and Raffaelli, Marcela and Shen, Yuh-Ling},
  year = {2006},
  month = dec,
  journal = {Journal of Research on Adolescence},
  volume = {16},
  number = {4},
  pages = {503--525},
  issn = {1050-8392, 1532-7795},
  doi = {10.1111/j.1532-7795.2006.00505.x},
  language = {en}
}

@article{delva1983,
  title = {Social Implications of Sexually Transmitted Diseases},
  author = {Delva, Dianne},
  year = {1983},
  journal = {Canadian Family Physician},
  volume = {29},
  pages = {1933--1936}
}

@article{diclemente1991,
  title = {Predictors of {{HIV-preventive}} Sexual Behavior in a High-Risk Adolescent Population: The Influence of Perceived Peer Norms and Sexual Communication on Incarcerated Adolescents' Consistent Use of Condoms},
  shorttitle = {Predictors of {{HIV-preventive}} Sexual Behavior in a High-Risk Adolescent Population},
  author = {DiClemente, Ralph J.},
  year = {1991},
  month = jul,
  journal = {Journal of Adolescent Health},
  volume = {12},
  number = {5},
  pages = {385--390},
  issn = {1054139X},
  doi = {10.1016/0197-0070(91)90052-N},
  language = {en}
}

@article{guilamoramos2016,
  title = {Parent-Adolescent Communication about Contraception and Condom Use},
  author = {{Guilamo-Ramos}, Vincent and Lee, Jane J. and Jaccard, James},
  year = {2016},
  month = jan,
  journal = {JAMA Pediatrics},
  volume = {170},
  number = {1},
  pages = {14},
  issn = {2168-6203},
  doi = {10.1001/jamapediatrics.2015.3109},
  language = {en}
}

@article{hadley2009,
  title = {Parent\textendash Adolescent Sexual Communication: Associations of Condom Use with Condom Discussions},
  shorttitle = {Parent\textendash Adolescent Sexual Communication},
  author = {Hadley, Wendy and Brown, Larry K. and Lescano, Celia M. and Kell, Harrison and Spalding, Kirsten and DiClemente, Ralph and Donenberg, Geri},
  year = {2009},
  month = oct,
  journal = {AIDS and Behavior},
  volume = {13},
  number = {5},
  pages = {997--1004},
  issn = {1090-7165, 1573-3254},
  doi = {10.1007/s10461-008-9468-z},
  language = {en}
}

@article{halpernfelsher2004,
  title = {Adolescents' Self-Efficacy to Communicate about Sex: Its Role in Condom Attitudes, Commitment, and Use},
  author = {{Halpern-Felsher}, BL and Kropp, RY and Boyer, CB and Tschann, JM and Ellen, JM},
  year = {2004},
  journal = {Adolescence},
  volume = {39},
  number = {155},
  pages = {443--456}
}

@article{hull2017,
  title = {Sexually Transmitted Infections: Compelling Case for an Improved Screening Strategy},
  shorttitle = {Sexually Transmitted Infections},
  author = {Hull, Stephen and Kelley, Se{\'a}n and Clarke, Janice L.},
  year = {2017},
  month = sep,
  journal = {Population Health Management},
  volume = {20},
  number = {S1},
  pages = {S-1-S-11},
  issn = {1942-7891, 1942-7905},
  doi = {10.1089/pop.2017.0132},
  language = {en}
}

@article{kirby2007,
  title = {Sex and {{HIV}} Education Programs: Their Impact on Sexual Behaviors of Young People throughout the World},
  shorttitle = {Sex and {{HIV}} Education Programs},
  author = {Kirby, Douglas B. and Laris, B.A. and Rolleri, Lori A.},
  year = {2007},
  month = mar,
  journal = {Journal of Adolescent Health},
  volume = {40},
  number = {3},
  pages = {206--217},
  issn = {1054139X},
  doi = {10.1016/j.jadohealth.2006.11.143},
  language = {en}
}

@article{macphail2001,
  title = {`{{I}} Think Condoms Are Good but, Aai, {{I}} Hate Those Things':},
  shorttitle = {`{{I}} Think Condoms Are Good but, Aai, {{I}} Hate Those Things'},
  author = {MacPhail, Catherine and Campbell, Catherine},
  year = {2001},
  month = jun,
  journal = {Social Science \& Medicine},
  volume = {52},
  number = {11},
  pages = {1613--1627},
  issn = {02779536},
  doi = {10.1016/S0277-9536(00)00272-0},
  language = {en}
}

@article{miller1998,
  title = {Patterns of Condom Use among Adolescents: The Impact of Mother-Adolescent Communication.},
  shorttitle = {Patterns of Condom Use among Adolescents},
  author = {Miller, K S and Levin, M L and Whitaker, D J and Xu, X},
  year = {1998},
  month = oct,
  journal = {American Journal of Public Health},
  volume = {88},
  number = {10},
  pages = {1542--1544},
  issn = {0090-0036, 1541-0048},
  doi = {10.2105/AJPH.88.10.1542},
  language = {en}
}

@article{pleck1993,
  title = {Masculinity Ideology: Its Impact on Adolescent Males' Heterosexual Relationships.},
  author = {Pleck, Joseph and Sonenstein, Freya and Ku, Leighton},
  year = {1993},
  journal = {Journal of Social Issues},
  volume = {49},
  number = {3},
  pages = {19},
  issn = {0022-4537},
  doi = {10.1111/j.1540-4560.1993.tb01166.x}
}

@article{rodgers1990,
  title = {Adolescent Sexual Activity and Mildly Deviant Behavior: Sibling and Friendship Effects},
  shorttitle = {Adolescent Sexual Activity and Mildly Deviant Behavior},
  author = {Rodgers, Joseph Lee and Rowe, David C.},
  year = {1990},
  month = sep,
  journal = {Journal of Family Issues},
  volume = {11},
  number = {3},
  pages = {274--293},
  issn = {0192-513X, 1552-5481},
  doi = {10.1177/019251390011003003},
  language = {en}
}

@article{rozin1992,
  title = {Magical Contagion Beliefs and Fear of {{AIDS1}}},
  author = {Rozin, Paul and Markwith, Maureen and Nemeroff, Carol},
  year = {1992},
  month = jul,
  journal = {Journal of Applied Social Psychology},
  volume = {22},
  number = {14},
  pages = {1081--1092},
  issn = {0021-9029, 1559-1816},
  doi = {10.1111/j.1559-1816.1992.tb00943.x},
  language = {en}
}

@article{shearer2005,
  title = {Are Traditional Gender Role Attitudes Associated with Risky Sexual Behavior and Condom-Related Beliefs?},
  author = {Shearer, Cindy L. and Hosterman, Shelley J. and Gillen, Meghan M. and Lefkowitz, Eva S.},
  year = {2005},
  month = mar,
  journal = {Sex Roles},
  volume = {52},
  number = {5-6},
  pages = {311--324},
  issn = {0360-0025, 1573-2762},
  doi = {10.1007/s11199-005-2675-4},
  language = {en}
}

@article{stangerhall2011,
  title = {Abstinence-Only Education and Teen Pregnancy Rates: Why We Need Comprehensive Sex Education in the {{U}}.{{S}}},
  shorttitle = {Abstinence-Only Education and Teen Pregnancy Rates},
  author = {{Stanger-Hall}, Kathrin F. and Hall, David W.},
  editor = {Vitzthum, Virginia J.},
  year = {2011},
  month = oct,
  journal = {PLoS ONE},
  volume = {6},
  number = {10},
  pages = {e24658},
  issn = {1932-6203},
  doi = {10.1371/journal.pone.0024658},
  language = {en}
}

@article{thompson1986,
  title = {The Structure of Male Role Norms},
  author = {Thompson, Edward H. and Pleck, Joseph H.},
  year = {1986},
  month = may,
  journal = {American Behavioral Scientist},
  volume = {29},
  number = {5},
  pages = {531--543},
  issn = {0002-7642, 1552-3381},
  doi = {10.1177/000276486029005003},
  language = {en}
}

@article{vincent2016,
  title = {Adherence to Traditionally Masculine Norms and Condom-Related Beliefs: Emphasis on African American and Hispanic Men.},
  shorttitle = {Adherence to Traditionally Masculine Norms and Condom-Related Beliefs},
  author = {Vincent, Wilson and Gordon, Derrick M. and Campbell, Christina and Ward, Nadia L. and Albritton, Tashuna and Kershaw, Trace},
  year = {2016},
  month = jan,
  journal = {Psychology of Men \& Masculinity},
  volume = {17},
  number = {1},
  pages = {42--53},
  issn = {1939-151X, 1524-9220},
  doi = {10.1037/a0039455},
  language = {en}
}

@article{widman2016,
  title = {Parent-Adolescent Sexual Communication and Adolescent Safer Sex Behavior: A Meta-Analysis},
  shorttitle = {Parent-Adolescent Sexual Communication and Adolescent Safer Sex Behavior},
  author = {Widman, Laura and {Choukas-Bradley}, Sophia and Noar, Seth M. and Nesi, Jacqueline and Garrett, Kyla},
  year = {2016},
  month = jan,
  journal = {JAMA Pediatrics},
  volume = {170},
  number = {1},
  pages = {52},
  issn = {2168-6203},
  doi = {10.1001/jamapediatrics.2015.2731},
  language = {en}
}

