@article{hill1913,
  title = {The Psychology of the Anus},
  author = {Hill, Owen Berkeley},
  year = {1913},
  month = aug,
  journal = {The Indian Medical Gazette},
  volume = {48},
  number = {8},
  pages = {301--303},
  issn = {0019-5863},
  pmcid = {PMC5177225},
  pmid = {29005844}
}

@book{macgregorhastie1966,
  title = {The Mechanics of Power: On Government in Spite of the People.},
  shorttitle = {The Mechanics of Power},
  author = {{MacGregor-Hastie}, Roy},
  year = {1966},
  publisher = {{Muller}},
  address = {{London}},
  language = {eng},
  lccn = {JF51 Macg.}
}

@article{richters2010,
  title = {Do Women Use Dental Dams? {{Safer}} Sex Practices of Lesbians and Other Women Who Have Sex with Women},
  shorttitle = {Do Women Use Dental Dams?},
  author = {Richters, Juliet and Prestage, Garrett and Schneider, Karen and Clayton, Stevie},
  year = {2010},
  month = jun,
  journal = {Sexual Health},
  volume = {7},
  number = {2},
  pages = {165--169},
  issn = {1448-5028},
  doi = {10.1071/SH09072},
  language = {eng},
  pmid = {20465981}
}

