@article{anderson1993,
  title = {Women's Acceptance of Rape Myths and Their Sexual Experiences},
  author = {Anderson, Wayne P. and Cummings, Kimberly},
  year = {1993},
  journal = {Journal of College Student Development},
  volume = {34},
  number = {1},
  pages = {53--57},
  publisher = {{ACPA Executive Office}},
  address = {{US}},
  issn = {1543-3382}
}

@article{archer2000,
  title = {Sex Differences in Aggression between Heterosexual Partners: A Meta-Analytic Review},
  shorttitle = {Sex Differences in Aggression between Heterosexual Partners},
  author = {Archer, John},
  year = {2000},
  journal = {Psychological Bulletin},
  volume = {126},
  number = {5},
  pages = {651--680},
  publisher = {{American Psychological Association}},
  address = {{US}},
  issn = {1939-1455},
  doi = {10.1037/0033-2909.126.5.651}
}

@article{burt1980,
  title = {Cultural Myths and Supports for Rape},
  author = {Burt, Martha R.},
  year = {1980},
  journal = {Journal of Personality and Social Psychology},
  volume = {38},
  number = {2},
  pages = {217--230},
  publisher = {{American Psychological Association}},
  address = {{US}},
  issn = {1939-1315},
  doi = {10.1037/0022-3514.38.2.217}
}

@article{cooke2020,
  title = {Examining the Relationship between Victimization, Psychopathy, and the Acceptance of Rape Myths},
  author = {Cooke, Eric M. and Lewis, Richard H. and Hayes, Brittany E. and Bouffard, Leana A. and Boisvert, Danielle L. and Wells, Jessica and Kavish, Nicholas and Woeckener, Matthias and Armstrong, Todd A.},
  year = {2020},
  month = oct,
  journal = {Journal of Interpersonal Violence},
  pages = {0886260520966669},
  publisher = {{SAGE Publications Inc; https://web.archive.org/web/20211207121439/https://journals.sagepub.com/action/cookieAbsent}},
  issn = {0886-2605},
  doi = {10.1177/0886260520966669},
  language = {en}
}

@article{dejong2020,
  title = {Male Rape in Context: Measures of Intolerance and Support for Male Rape Myths (Mrms)},
  shorttitle = {Male Rape in Context},
  author = {DeJong, Christina and Morgan, Skyler J. and Cox, Alison},
  year = {2020},
  month = jul,
  journal = {Criminal Justice Studies},
  volume = {33},
  number = {3},
  pages = {195--212},
  publisher = {{Routledge}},
  issn = {1478-601X},
  doi = {10.1080/1478601x.2020.1786278}
}

@article{forbes2001,
  title = {Experiences with Sexual Coercion in College Males and Females: Role of Family Conflict, Sexist Attitudes, Acceptance of Rape Myths, Self-Esteem, and the Big-Five Personality Factors},
  shorttitle = {Experiences with Sexual Coercion in College Males and Females},
  author = {FORBES, GORDON B. and {ADAMS-CURTIS}, LEAH E.},
  year = {2001},
  month = sep,
  journal = {Journal of Interpersonal Violence},
  volume = {16},
  number = {9},
  pages = {865--889},
  publisher = {{SAGE Publications Inc; https://web.archive.org/web/20211207121337/https://journals.sagepub.com/doi/10.1177/088626001016009002}},
  issn = {0886-2605},
  doi = {10.1177/088626001016009002},
  language = {en}
}

@article{forbes2005,
  title = {Perceptions of Dating Violence Following a Sexualor Nonsexual Betrayal of Trust: Effects of Gender, Sexism, Acceptance of Rape Myths, and Vengeance Motivation},
  shorttitle = {Perceptions of Dating Violence Following a Sexualor Nonsexual Betrayal of Trust},
  author = {Forbes, Gordon B. and Jobe, Rebecca L. and White, Kay B. and Bloesch, Emily and {Adams-Curtis}, Leah E.},
  year = {2005},
  month = feb,
  journal = {Sex Roles},
  volume = {52},
  number = {3},
  pages = {165--173},
  publisher = {{Kluwer Academic Publishers-Plenum Publishers; https://web.archive.org/web/20211213130100/https://link.springer.com/article/10.1007/s11199-005-1292-6}},
  issn = {1573-2762},
  doi = {10.1007/s11199-005-1292-6},
  copyright = {2005 Springer Science + Business Media, Inc.},
  language = {en}
}

@article{giacopassi1986,
  title = {Gender and Racial Differences in the Acceptance of Rape Myths within a College Population},
  author = {Giacopassi, David J. and Dull, R. Thomas},
  year = {1986},
  month = jul,
  journal = {Sex Roles},
  volume = {15},
  number = {1},
  pages = {63--75},
  issn = {1573-2762},
  doi = {10.1007/bf00287532},
  language = {en}
}

@article{lemaire2016,
  title = {Labeling Sexual Victimization Experiences: The Role of Sexism, Rape Myth Acceptance, and Tolerance for Sexual Harassment},
  shorttitle = {Labeling Sexual Victimization Experiences},
  author = {LeMaire, Kelly L. and Oswald, Debra L. and Russell, Brenda L.},
  year = {2016},
  journal = {Violence and Victims},
  volume = {31},
  number = {2},
  pages = {332--346},
  issn = {0886-6708, 1945-7073},
  doi = {10.1891/0886-6708.vv-d-13-00148},
  language = {en}
}

@article{lonsway1994,
  title = {{{RAPE MYTHS}}. in Review},
  author = {Lonsway, Kimberly A. and Fitzgerald, Louise F.},
  year = {1994},
  journal = {Psychology of Women Quarterly},
  volume = {18},
  number = {2},
  pages = {133--164},
  issn = {1471-6402},
  doi = {10.1111/j.1471-6402.1994.tb00448.x},
  language = {en}
}

@article{maes2019,
  title = {\#(Me)Too Much? {{The}} Role of Sexualizing Online Media in Adolescents' Resistance towards the Metoo-Movement and Acceptance of Rape Myths},
  shorttitle = {\#(Me)Too Much?},
  author = {Maes, Chelly and Schreurs, Lara and {van Oosten}, Johanna M. F. and Vandenbosch, Laura},
  year = {2019},
  month = dec,
  journal = {Journal of Adolescence},
  volume = {77},
  pages = {59--69},
  issn = {0140-1971},
  doi = {10.1016/j.adolescence.2019.10.005},
  language = {en}
}

@article{martini2021,
  title = {Assessing Rape Myth Acceptance: A Contribution to Italian Validation of the Measure for Assessing Subtle Rape Myth ({{SRMA-IT}})},
  shorttitle = {Assessing Rape Myth Acceptance},
  author = {Martini, Mara and Tartaglia, Stefano and De Piccoli, Norma},
  year = {2021},
  month = jun,
  journal = {Sexual Abuse},
  pages = {10790632211028158},
  publisher = {{SAGE Publications Inc; https://web.archive.org/web/20211207133037/https://journals.sagepub.com/doi/10.1177/10790632211028158}},
  issn = {1079-0632},
  doi = {10.1177/10790632211028158},
  language = {en}
}

@phdthesis{mccoy2020,
  title = {The Impact of Social Media Use on the Acceptance of Rape Myths and Subsequent Views on Sexuality},
  author = {McCoy, Elizabeth K.},
  year = {2020},
  language = {en},
  school = {Ohio Dominican University}
}

@article{newcombe2008,
  title = {Attributions of Responsibility for Rape: Differences across Familiarity of Situation, Gender, and Acceptance of Rape Myths1},
  shorttitle = {Attributions of Responsibility for Rape},
  author = {Newcombe, Peter A. and Van Den Eynde, Julie and Hafner, Diane and Jolly, Lesley},
  year = {2008},
  journal = {Journal of Applied Social Psychology},
  volume = {38},
  number = {7},
  pages = {1736--1754},
  issn = {1559-1816},
  doi = {10.1111/j.1559-1816.2008.00367.x},
  language = {en}
}

@article{nisar2021,
  title = {Ambivalent Sexism towards Women and Acceptance of Rape Myths among University Students},
  author = {Nisar, Sana and Zafar, Komal and Batool, Dr. Iram and Ishfaq, Mehwish and Fatima, Hira and Fatima, Kanwal and Arshad, Rida},
  year = {2021},
  month = feb,
  journal = {Saudi Journal of Humanities and Social Sciences},
  volume = {6},
  number = {2},
  pages = {90--95},
  issn = {24156256, 24156248},
  doi = {10.36348/sjhss.2021.v06i02.007}
}

@article{perse1994,
  title = {Uses of Erotica and Acceptance of Rape Myths},
  author = {PERSE, ELIZABETH M.},
  year = {1994},
  month = aug,
  journal = {Communication Research},
  volume = {21},
  number = {4},
  pages = {488--515},
  publisher = {{SAGE Publications Inc; https://web.archive.org/web/20211207034557/https://journals.sagepub.com/action/cookieAbsent}},
  issn = {0093-6502},
  doi = {10.1177/009365094021004003},
  language = {en}
}

@article{shechorybitton2020,
  title = {``It Can't Be Rape'': Female vs. Male Rape Myths among Israeli Police Officers},
  shorttitle = {``It Can't Be Rape''},
  author = {Shechory Bitton, Mally and Jaeger, Lea},
  year = {2020},
  month = dec,
  journal = {Journal of Police and Criminal Psychology},
  volume = {35},
  number = {4},
  pages = {494--503},
  issn = {1936-6469},
  doi = {10.1007/s11896-019-09327-4},
  language = {en}
}

@article{walfield2021,
  title = {``Men Cannot Be Raped'': Correlates of Male Rape Myth Acceptance},
  shorttitle = {``Men Cannot Be Raped''},
  author = {Walfield, Scott M.},
  year = {2021},
  month = jul,
  journal = {Journal of Interpersonal Violence},
  volume = {36},
  number = {13-14},
  pages = {6391--6417},
  publisher = {{SAGE Publications Inc; https://web.archive.org/web/20211207133521/http://journals.sagepub.com/doi/10.1177/0886260518817777}},
  issn = {0886-2605},
  doi = {10.1177/0886260518817777},
  language = {en}
}

@article{worthen2021,
  title = {Rape Myth Acceptance among Lesbian, Gay, Bisexual, and Mostly Heterosexual College Students},
  author = {Worthen, Meredith G. F.},
  year = {2021},
  month = jan,
  journal = {Journal of Interpersonal Violence},
  volume = {36},
  number = {1-2},
  pages = {NP232-NP262},
  publisher = {{SAGE Publications Inc; https://web.archive.org/web/20211207134003/https://journals.sagepub.com/doi/10.1177/0886260517733282}},
  issn = {0886-2605},
  doi = {10.1177/0886260517733282},
  language = {en}
}

@article{yeater2010,
  title = {Cognitive Processes Underlying Women's Risk Judgments: Associations with Sexual Victimization History and Rape Myth Acceptance.},
  shorttitle = {Cognitive Processes Underlying Women's Risk Judgments},
  author = {Yeater, Elizabeth A. and Treat, Teresa A. and Viken, Richard J. and McFall, Richard M.},
  year = {2010},
  journal = {Journal of Consulting and Clinical Psychology},
  volume = {78},
  number = {3},
  pages = {375--386},
  issn = {1939-2117, 0022-006X},
  doi = {10.1037/a0019297},
  language = {en}
}

