@article{atance2001,
  title = {Episodic Future Thinking},
  author = {Atance, Cristina M. and O'Neill, Daniela K.},
  year = {2001},
  month = dec,
  journal = {Trends in Cognitive Sciences},
  volume = {5},
  number = {12},
  pages = {533--539},
  issn = {13646613},
  doi = {10.1016/S1364-6613(00)01804-0},
  language = {en}
}

@article{berry2018,
  title = {Does Being Drunk or High Cause {{HIV}} Sexual Risk Behavior? {{A}} Systematic Review of Drug Administration Studies},
  shorttitle = {Does Being Drunk or High Cause {{HIV}} Sexual Risk Behavior?},
  author = {Berry, Meredith S. and Johnson, Matthew W.},
  year = {2018},
  month = jan,
  journal = {Pharmacology Biochemistry and Behavior},
  volume = {164},
  pages = {125--138},
  issn = {00913057},
  doi = {10.1016/j.pbb.2017.08.009},
  language = {en}
}

@article{bromberg2015,
  title = {Episodic Future Thinking Is Related to Impulsive Decision Making in Healthy Adolescents},
  author = {Bromberg, Uli and Wiehler, Antonius and Peters, Jan},
  year = {2015},
  month = sep,
  journal = {Child Development},
  volume = {86},
  number = {5},
  pages = {1458--1468},
  issn = {00093920},
  doi = {10.1111/cdev.12390},
  language = {en}
}

@article{bulley2017,
  title = {The Influence of Episodic Foresight on Delay Discounting and Demand for Alcohol},
  author = {Bulley, Adam and Gullo, Matthew J.},
  year = {2017},
  month = mar,
  journal = {Addictive Behaviors},
  volume = {66},
  pages = {1--6},
  issn = {03064603},
  doi = {10.1016/j.addbeh.2016.11.003},
  language = {en}
}

@article{cunningham2009,
  title = {Relationships between Perceived Std-Related Stigma, Std-Related Shame and Std Screening among a Household Sample of Adolescents},
  author = {Cunningham, Shayna D. and Kerrigan, Deanna L. and Jennings, Jacky M. and Ellen, Jonathan M.},
  year = {2009},
  month = dec,
  journal = {Perspectives on Sexual and Reproductive Health},
  volume = {41},
  number = {4},
  pages = {225--230},
  issn = {15386341},
  doi = {10.1363/4122509},
  language = {en}
}

@article{daniel2015,
  title = {Episodic Future Thinking Reduces Delay Discounting and Energy Intake in Children},
  author = {Daniel, Tinuke Oluyomi and Said, Michele and Stanton, Christina M. and Epstein, Leonard H.},
  year = {2015},
  month = aug,
  journal = {Eating Behaviors},
  volume = {18},
  pages = {20--24},
  issn = {14710153},
  doi = {10.1016/j.eatbeh.2015.03.006},
  language = {en}
}

@article{daniel2016,
  title = {Remembering versus Imagining: When Does Episodic Retrospection and Episodic Prospection Aid Decision Making?},
  shorttitle = {Remembering versus Imagining},
  author = {Daniel, Tinuke Oluyomi and Sawyer, Amanda and Dong, Yanling and Bickel, Warren K. and Epstein, Leonard H.},
  year = {2016},
  month = sep,
  journal = {Journal of Applied Research in Memory and Cognition},
  volume = {5},
  number = {3},
  pages = {352--358},
  issn = {22113681},
  doi = {10.1016/j.jarmac.2016.06.005},
  language = {en}
}

@article{dassen2016,
  title = {Focus on the Future: Episodic Future Thinking Reduces Discount Rate and Snacking},
  shorttitle = {Focus on the Future},
  author = {Dassen, Fania C.M. and Jansen, Anita and Nederkoorn, Chantal and Houben, Katrijn},
  year = {2016},
  month = jan,
  journal = {Appetite},
  volume = {96},
  pages = {327--332},
  issn = {01956663},
  doi = {10.1016/j.appet.2015.09.032},
  language = {en}
}

@article{farmer2009,
  title = {The Forms and Functions of Impulsive Actions: Implications for Behavioral Assessment and Therapy.},
  shorttitle = {The Forms and Functions of Impulsive Actions},
  author = {Farmer, Richard F. and Golden, Jeannie A.},
  year = {2009},
  journal = {International Journal of Behavioral Consultation and Therapy},
  volume = {5},
  number = {1},
  pages = {12--30},
  issn = {1555-7855},
  doi = {10.1037/h0100870},
  language = {en}
}

@article{garolla2011,
  title = {The Role of Human Papillomavirus on Sperm Function:},
  shorttitle = {The Role of Human Papillomavirus on Sperm Function},
  author = {Garolla, Andrea and Pizzol, Damiano and Foresta, Carlo},
  year = {2011},
  month = aug,
  journal = {Current Opinion in Obstetrics and Gynecology},
  volume = {23},
  number = {4},
  pages = {232--237},
  issn = {1040-872X},
  doi = {10.1097/GCO.0b013e328348a3a4},
  language = {en}
}

@article{gomez2013,
  title = {Untreated Maternal Syphilis and Adverse Outcomes of Pregnancy: A Systematic Review and Meta-Analysis},
  shorttitle = {Untreated Maternal Syphilis and Adverse Outcomes of Pregnancy},
  author = {Gomez, Gabriela B and Kamb, Mary L and Newman, Lori M and Mark, Jennifer and Broutet, Nathalie and Hawkes, Sarah J},
  year = {2013},
  month = mar,
  journal = {Bulletin of the World Health Organization},
  volume = {91},
  number = {3},
  pages = {217--226},
  issn = {0042-9686},
  doi = {10.2471/BLT.12.107623}
}

@article{hallford2018,
  title = {Psychopathology and Episodic Future Thinking: A Systematic Review and Meta-Analysis of Specificity and Episodic Detail},
  shorttitle = {Psychopathology and Episodic Future Thinking},
  author = {Hallford, D.J. and Austin, D.W. and Takano, K. and Raes, F.},
  year = {2018},
  month = mar,
  journal = {Behaviour Research and Therapy},
  volume = {102},
  pages = {42--51},
  issn = {00057967},
  doi = {10.1016/j.brat.2018.01.003},
  language = {en}
}

@article{herrmann2014,
  title = {Examining Delay Discounting of Condom-Protected Sex among Opioid-Dependent Women and Non-Drug-Using Control Women},
  author = {Herrmann, Evan S. and Hand, Dennis J. and Johnson, Matthew W. and Badger, Gary J. and Heil, Sarah H.},
  year = {2014},
  month = nov,
  journal = {Drug and Alcohol Dependence},
  volume = {144},
  pages = {53--60},
  issn = {03768716},
  doi = {10.1016/j.drugalcdep.2014.07.026},
  language = {en}
}

@article{herrmann2015,
  title = {Examining Delay Discounting of Condom-Protected Sex among Men Who Have Sex with Men Using Crowdsourcing Technology},
  author = {Herrmann, Evan S. and Johnson, Patrick S. and Johnson, Matthew W.},
  year = {2015},
  month = sep,
  journal = {AIDS and Behavior},
  volume = {19},
  number = {9},
  pages = {1655--1665},
  issn = {1090-7165, 1573-3254},
  doi = {10.1007/s10461-015-1107-x},
  language = {en}
}

@article{johnson2016,
  title = {Alcohol Increases Delay and Probability Discounting of Condom-Protected Sex: A Novel Vector for Alcohol-Related {{HIV}} Transmission},
  shorttitle = {Alcohol Increases Delay and Probability Discounting of Condom-Protected Sex},
  author = {Johnson, Patrick S. and Sweeney, Mary M. and Herrmann, Evan S. and Johnson, Matthew W.},
  year = {2016},
  month = jun,
  journal = {Alcoholism: Clinical and Experimental Research},
  volume = {40},
  number = {6},
  pages = {1339--1350},
  issn = {01456008},
  doi = {10.1111/acer.13079},
  language = {en}
}

@article{kaplan2016,
  title = {Effects of Episodic Future Thinking on Discounting: Personalized Age-Progressed Pictures Improve Risky Long-Term Health Decisions: {{MODIFIED EPFT}}},
  shorttitle = {Effects of Episodic Future Thinking on Discounting},
  author = {Kaplan, Brent A. and Reed, Derek D. and Jarmolowicz, David P.},
  year = {2016},
  month = mar,
  journal = {Journal of Applied Behavior Analysis},
  volume = {49},
  number = {1},
  pages = {148--169},
  issn = {00218855},
  doi = {10.1002/jaba.277},
  language = {en}
}

@article{kirby2007,
  title = {Sex and {{HIV}} Education Programs: Their Impact on Sexual Behaviors of Young People throughout the World},
  shorttitle = {Sex and {{HIV}} Education Programs},
  author = {Kirby, Douglas B. and Laris, B.A. and Rolleri, Lori A.},
  year = {2007},
  month = mar,
  journal = {Journal of Adolescent Health},
  volume = {40},
  number = {3},
  pages = {206--217},
  issn = {1054139X},
  doi = {10.1016/j.jadohealth.2006.11.143},
  language = {en}
}

@article{kwan2012,
  title = {Future Decision-Making without Episodic Mental Time Travel},
  author = {Kwan, Donna and Craver, Carl F. and Green, Leonard and Myerson, Joel and Boyer, Pascal and Rosenbaum, R. Shayna},
  year = {2012},
  month = jun,
  journal = {Hippocampus},
  volume = {22},
  number = {6},
  pages = {1215--1219},
  issn = {10509631},
  doi = {10.1002/hipo.20981},
  language = {en}
}

@article{lawyer2010,
  title = {Probability and Delay Discounting of Hypothetical Sexual Outcomes},
  author = {Lawyer, Steven R. and Williams, Sonja A. and Prihodova, Tereza and Rollins, Jason D. and Lester, Anita C.},
  year = {2010},
  month = jul,
  journal = {Behavioural Processes},
  volume = {84},
  number = {3},
  pages = {687--692},
  issn = {03766357},
  doi = {10.1016/j.beproc.2010.04.002},
  language = {en}
}

@article{lawyer2013,
  title = {Predicting Domain-Specific Outcomes Using Delay and Probability Discounting for Sexual versus Monetary Outcomes},
  author = {Lawyer, Steven R. and Schoepflin, Frederick J.},
  year = {2013},
  month = jun,
  journal = {Behavioural Processes},
  volume = {96},
  pages = {71--78},
  issn = {03766357},
  doi = {10.1016/j.beproc.2013.03.001},
  language = {en}
}

@article{lin2014,
  title = {Living in the Moment: Effects of Time Perspective and Emotional Valence of Episodic Thinking on Delay Discounting.},
  shorttitle = {Living in the Moment},
  author = {Lin, Henry and Epstein, Leonard H.},
  year = {2014},
  journal = {Behavioral Neuroscience},
  volume = {128},
  number = {1},
  pages = {12--19},
  issn = {1939-0084, 0735-7044},
  doi = {10.1037/a0035705},
  language = {en}
}

@article{locey2011,
  title = {Real and Hypothetical Rewards},
  author = {Locey, Matthew and {Bryan Jones} and Rachlin, Howard},
  year = {2011},
  journal = {Judgement and Decision-Making},
  volume = {6},
  number = {6},
  pages = {552--564}
}

@article{madden2003,
  title = {Delay Discounting of Real and Hypothetical Rewards.},
  author = {Madden, Gregory J. and Begotka, Andrea M. and Raiff, Bethany R. and Kastern, Lana L.},
  year = {2003},
  journal = {Experimental and Clinical Psychopharmacology},
  volume = {11},
  number = {2},
  pages = {139--145},
  issn = {1936-2293, 1064-1297},
  doi = {10.1037/1064-1297.11.2.139},
  language = {en}
}

@incollection{madden2010,
  title = {A Delay-Discounting Primer.},
  booktitle = {Impulsivity: {{The}} Behavioral and Neurological Science of Discounting.},
  author = {Madden, Gregory J. and Johnson, Patrick S.},
  editor = {Madden, Gregory J. and Bickel, Warren K.},
  year = {2010},
  pages = {11--37},
  publisher = {{American Psychological Association}},
  address = {{Washington}},
  doi = {10.1037/12069-001},
  isbn = {978-1-4338-0477-9 978-1-4338-0820-3},
  language = {en}
}

@article{mckerchar2009,
  title = {A Comparison of Four Models of Delay Discounting in Humans},
  author = {McKerchar, Todd L. and Green, Leonard and Myerson, Joel and Pickford, T. Stephen and Hill, Jade C. and Stout, Steven C.},
  year = {2009},
  month = jun,
  journal = {Behavioural Processes},
  volume = {81},
  number = {2},
  pages = {256--259},
  issn = {03766357},
  doi = {10.1016/j.beproc.2008.12.017},
  language = {en}
}

@article{morris2014,
  title = {Sexually Transmitted Infection Related Stigma and Shame among African American Male Youth: Implications for Testing Practices, Partner Notification, and Treatment},
  shorttitle = {Sexually Transmitted Infection Related Stigma and Shame among African American Male Youth},
  author = {Morris, Jessica L. and Lippman, Sheri A. and Philip, Susan and Bernstein, Kyle and Neilands, Torsten B. and Lightfoot, Marguerita},
  year = {2014},
  month = sep,
  journal = {AIDS Patient Care and STDs},
  volume = {28},
  number = {9},
  pages = {499--506},
  issn = {1087-2914, 1557-7449},
  doi = {10.1089/apc.2013.0316},
  language = {en}
}

@misc{ncsl2016,
  title = {State Policies on Sex Education in Schools},
  author = {NCSL},
  year = {2016},
  publisher = {{National Conference of State Legislatures}}
}

@article{nigro2014,
  title = {Episodic Future Thinking as a Predictor of Children's Prospective Memory},
  author = {Nigro, Giovanna and Brandimonte, Maria A. and Cicogna, PierCarla and Cosenza, Marina},
  year = {2014},
  month = nov,
  journal = {Journal of Experimental Child Psychology},
  volume = {127},
  pages = {82--94},
  issn = {00220965},
  doi = {10.1016/j.jecp.2013.10.013},
  language = {en}
}

@article{odonnell2018,
  title = {Mix and Match: An Investigation into Whether Episodic Future Thinking Cues Need to Match Discounting Delays in Order to Be Effective},
  shorttitle = {Mix and Match},
  author = {O'Donnell, Sara and {Hollis-Hansen}, Kelseanna and Epstein, Leonard},
  year = {2018},
  month = dec,
  journal = {Behavioral Sciences},
  volume = {9},
  number = {1},
  pages = {1},
  issn = {2076-328X},
  doi = {10.3390/bs9010001},
  language = {en}
}

@article{oneill2016,
  title = {Episodic Future Thinking Reduces Eating in a Food Court},
  author = {O'Neill, Jessica and Daniel, Tinuke Oluyomi and Epstein, Leonard H.},
  year = {2016},
  month = jan,
  journal = {Eating Behaviors},
  volume = {20},
  pages = {9--13},
  issn = {14710153},
  doi = {10.1016/j.eatbeh.2015.10.002},
  language = {en}
}

@article{palombo2015,
  title = {The Medial Temporal Lobes Are Critical for Reward-Based Decision Making under Conditions That Promote Episodic Future Thinking: {{DECISION MAKING IN AMNESIA}}},
  shorttitle = {The Medial Temporal Lobes Are Critical for Reward-Based Decision Making under Conditions That Promote Episodic Future Thinking},
  author = {Palombo, Daniela J. and Keane, Margaret M. and Verfaellie, Mieke},
  year = {2015},
  month = mar,
  journal = {Hippocampus},
  volume = {25},
  number = {3},
  pages = {345--353},
  issn = {10509631},
  doi = {10.1002/hipo.22376},
  language = {en}
}

@article{richards1999,
  title = {Delay or Probability Discounting in a Model of Impulsive Behavior: Effect of Alcohol.},
  shorttitle = {Delay or Probability Discounting in a Model of Impulsive Behavior},
  author = {Richards, J B and Zhang, L and Mitchell, S H and {de Wit}, H},
  year = {1999},
  month = mar,
  journal = {Journal of the Experimental Analysis of Behavior},
  volume = {71},
  number = {2},
  pages = {121--143},
  issn = {0022-5002},
  doi = {10.1901/jeab.1999.71-121}
}

@article{satterwhite2013,
  title = {Sexually Transmitted Infections among {{US}} Women and Men: Prevalence and Incidence Estimates, 2008},
  shorttitle = {Sexually Transmitted Infections among {{US}} Women and Men},
  author = {Satterwhite, Catherine Lindsey and Torrone, Elizabeth and Meites, Elissa and Dunne, Eileen F. and Mahajan, Reena and Ocfemia, M. Cheryl Ba{\~n}ez and Su, John and Xu, Fujie and Weinstock, Hillard},
  year = {2013},
  month = mar,
  journal = {Sexually Transmitted Diseases},
  volume = {40},
  number = {3},
  pages = {187--193},
  issn = {0148-5717},
  doi = {10.1097/OLQ.0b013e318286bb53},
  language = {en}
}

@article{snider2016,
  title = {Episodic Future Thinking: Expansion of the Temporal Window in Individuals with Alcohol Dependence},
  shorttitle = {Episodic Future Thinking},
  author = {Snider, Sarah E. and LaConte, Stephen M. and Bickel, Warren K.},
  year = {2016},
  month = jul,
  journal = {Alcoholism: Clinical and Experimental Research},
  volume = {40},
  number = {7},
  pages = {1558--1566},
  issn = {01456008},
  doi = {10.1111/acer.13112},
  language = {en}
}

@article{stein2016,
  title = {Unstuck in Time: Episodic Future Thinking Reduces Delay Discounting and Cigarette Smoking},
  shorttitle = {Unstuck in Time},
  author = {Stein, Jeffrey S. and Wilson, A. George and Koffarnus, Mikhail N. and Daniel, Tinuke Oluyomi and Epstein, Leonard H. and Bickel, Warren K.},
  year = {2016},
  month = oct,
  journal = {Psychopharmacology},
  volume = {233},
  number = {21-22},
  pages = {3771--3778},
  issn = {0033-3158, 1432-2072},
  doi = {10.1007/s00213-016-4410-y},
  language = {en}
}

@article{stein2017,
  title = {Think Fast: Rapid Assessment of the Effects of Episodic Future Thinking on Delay Discounting in Overweight/Obese Participants},
  shorttitle = {Think Fast},
  author = {Stein, Jeffrey S. and Sze, Yan Yan and Athamneh, Liqa and Koffarnus, Mikhail N. and Epstein, Leonard H. and Bickel, Warren K.},
  year = {2017},
  month = oct,
  journal = {Journal of Behavioral Medicine},
  volume = {40},
  number = {5},
  pages = {832--838},
  issn = {0160-7715, 1573-3521},
  doi = {10.1007/s10865-017-9857-8},
  language = {en}
}

@article{stein2018,
  title = {Episodic Future Thinking Reduces Delay Discounting and Cigarette Demand: An Investigation of the Good-Subject Effect},
  shorttitle = {Episodic Future Thinking Reduces Delay Discounting and Cigarette Demand},
  author = {Stein, Jeffrey S. and Tegge, Allison N. and Turner, Jamie K. and Bickel, Warren K.},
  year = {2018},
  month = apr,
  journal = {Journal of Behavioral Medicine},
  volume = {41},
  number = {2},
  pages = {269--276},
  issn = {0160-7715, 1573-3521},
  doi = {10.1007/s10865-017-9908-1},
  language = {en}
}

@article{sze2017,
  title = {Bleak Present, Bright Future: Online Episodic Future Thinking, Scarcity, Delay Discounting, and Food Demand},
  shorttitle = {Bleak Present, Bright Future},
  author = {Sze, Yan Yan and Stein, Jeffrey S. and Bickel, Warren K. and Paluch, Rocco A. and Epstein, Leonard H.},
  year = {2017},
  month = jul,
  journal = {Clinical Psychological Science},
  volume = {5},
  number = {4},
  pages = {683--697},
  issn = {2167-7026, 2167-7034},
  doi = {10.1177/2167702617696511},
  language = {en}
}

@article{terrett2013,
  title = {Episodic Future Thinking in Children with Autism Spectrum Disorder},
  author = {Terrett, Gill and Rendell, Peter G. and {Raponi-Saunders}, Sandra and Henry, Julie D. and Bailey, Phoebe E. and Altgassen, Mareike},
  year = {2013},
  month = nov,
  journal = {Journal of Autism and Developmental Disorders},
  volume = {43},
  number = {11},
  pages = {2558--2568},
  issn = {0162-3257, 1573-3432},
  doi = {10.1007/s10803-013-1806-y},
  language = {en}
}

@article{wald2001,
  title = {Effect of Condoms on Reducing the Transmission of Herpes Simplex Virus Type 2 from Men to Women},
  author = {Wald, Anna},
  year = {2001},
  month = jun,
  journal = {JAMA},
  volume = {285},
  number = {24},
  pages = {3100},
  issn = {0098-7484},
  doi = {10.1001/jama.285.24.3100},
  language = {en}
}

@article{wu2015,
  title = {Episodic Future Thinking in Generalized Anxiety Disorder},
  author = {Wu, Jade Q. and Szpunar, Karl K. and Godovich, Sheina A. and Schacter, Daniel L. and Hofmann, Stefan G.},
  year = {2015},
  month = dec,
  journal = {Journal of Anxiety Disorders},
  volume = {36},
  pages = {1--8},
  issn = {08876185},
  doi = {10.1016/j.janxdis.2015.09.005},
  language = {en}
}

@article{young2007,
  title = {Potential Moral Stigma and Reactions to Sexually Transmitted Diseases: Evidence for a Disjunction Fallacy},
  shorttitle = {Potential Moral Stigma and Reactions to Sexually Transmitted Diseases},
  author = {Young, Sean D. and Nussbaum, A. David and Monin, Beno{\^i}t},
  year = {2007},
  month = jun,
  journal = {Personality and Social Psychology Bulletin},
  volume = {33},
  number = {6},
  pages = {789--799},
  issn = {0146-1672, 1552-7433},
  doi = {10.1177/0146167207301027},
  language = {en}
}

@article{zhu2010,
  title = {Maternal and Congenital Syphilis in Shanghai, China, 2002 to 2006},
  author = {Zhu, Liping and Qin, Min and Du, Li and Xie, Ri-hua and Wong, Tom and Wen, Shi Wu},
  year = {2010},
  month = sep,
  journal = {International Journal of Infectious Diseases},
  volume = {14},
  pages = {e45-e48},
  issn = {12019712},
  doi = {10.1016/j.ijid.2009.09.009},
  language = {en}
}

