@article{giner-sorolla2012,
  title = {Science or Art? {{How}} Aesthetic Standards Grease the Way through the Publication Bottleneck but Undermine Science},
  shorttitle = {Science or Art?},
  author = {{Giner-Sorolla}, Roger},
  year = {2012},
  month = nov,
  journal = {Perspectives on Psychological Science},
  volume = {7},
  number = {6},
  pages = {562--571},
  issn = {1745-6916, 1745-6924},
  doi = {10/gf5str},
  language = {en}
}

