@article{gilbert2007,
  title = {Prospection: Experiencing the Future},
  shorttitle = {Prospection},
  author = {Gilbert, D. T. and Wilson, T. D.},
  year = {2007},
  month = sep,
  journal = {Science},
  volume = {317},
  number = {5843},
  pages = {1351--1354},
  issn = {0036-8075, 1095-9203},
  doi = {10.1126/science.1144161},
  language = {en}
}

@article{lin2014,
  title = {Living in the Moment: Effects of Time Perspective and Emotional Valence of Episodic Thinking on Delay Discounting.},
  shorttitle = {Living in the Moment},
  author = {Lin, Henry and Epstein, Leonard H.},
  year = {2014},
  journal = {Behavioral Neuroscience},
  volume = {128},
  number = {1},
  pages = {12--19},
  issn = {1939-0084, 0735-7044},
  doi = {10.1037/a0035705},
  language = {en}
}

@article{madore2015,
  title = {Creativity and Memory: Effects of an Episodic-Specificity Induction on Divergent Thinking},
  shorttitle = {Creativity and Memory},
  author = {Madore, Kevin P. and Addis, Donna Rose and Schacter, Daniel L.},
  year = {2015},
  month = sep,
  journal = {Psychological Science},
  volume = {26},
  number = {9},
  pages = {1461--1468},
  issn = {0956-7976, 1467-9280},
  doi = {10.1177/0956797615591863},
  language = {en}
}

@article{neroni2014,
  title = {Does Episodic Future Thinking Improve Prospective Remembering?},
  author = {Neroni, Maria Adriana and Gamboz, Nadia and Brandimonte, Maria A.},
  year = {2014},
  month = jan,
  journal = {Consciousness and Cognition},
  volume = {23},
  pages = {53--62},
  issn = {10538100},
  doi = {10.1016/j.concog.2013.12.001},
  language = {en}
}

@article{vartanian2016,
  title = {The Parallel Impact of Episodic Memory and Episodic Future Thinking on Food Intake},
  author = {Vartanian, Lenny R. and Chen, William H. and Reily, Natalie M. and Castel, Alan D.},
  year = {2016},
  month = jun,
  journal = {Appetite},
  volume = {101},
  pages = {31--36},
  issn = {01956663},
  doi = {10.1016/j.appet.2016.02.149},
  language = {en}
}

