@article{bulley2017,
  title = {The Influence of Episodic Foresight on Delay Discounting and Demand for Alcohol},
  author = {Bulley, Adam and Gullo, Matthew J.},
  year = {2017},
  month = mar,
  journal = {Addictive Behaviors},
  volume = {66},
  pages = {1--6},
  issn = {03064603},
  doi = {10.1016/j.addbeh.2016.11.003},
  language = {en}
}

@article{johnson2012a,
  title = {The Sexual Discounting Task: {{HIV}} Risk Behavior and the Discounting of Delayed Sexual Rewards in Cocaine Dependence},
  shorttitle = {The Sexual Discounting Task},
  author = {Johnson, Matthew W. and Bruner, Natalie R.},
  year = {2012},
  month = jun,
  journal = {Drug and Alcohol Dependence},
  volume = {123},
  number = {1-3},
  pages = {15--21},
  issn = {03768716},
  doi = {10.1016/j.drugalcdep.2011.09.032},
  language = {en}
}

@article{johnson2015,
  title = {Delay and Probability Discounting of Sexual and Monetary Outcomes in Individuals with Cocaine Use Disorders and Matched Controls},
  author = {Johnson, Matthew W. and Johnson, Patrick S. and Herrmann, Evan S. and Sweeney, Mary M.},
  editor = {Roma, Peter G.},
  year = {2015},
  month = may,
  journal = {PLOS ONE},
  volume = {10},
  number = {5},
  pages = {e0128641},
  issn = {1932-6203},
  doi = {10.1371/journal.pone.0128641},
  language = {en}
}

@article{koffarnus2014,
  title = {A 5-Trial Adjusting Delay Discounting Task: Accurate Discount Rates in Less than One Minute.},
  shorttitle = {A 5-Trial Adjusting Delay Discounting Task},
  author = {Koffarnus, Mikhail N. and Bickel, Warren K.},
  year = {2014},
  journal = {Experimental and Clinical Psychopharmacology},
  volume = {22},
  number = {3},
  pages = {222--228},
  issn = {1936-2293, 1064-1297},
  doi = {10.1037/a0035973},
  language = {en}
}

@article{rung2018,
  title = {Demand Characteristics in Episodic Future Thinking: Delay Discounting and Healthy Eating.},
  shorttitle = {Demand Characteristics in Episodic Future Thinking},
  author = {Rung, Jillian M. and Madden, Gregory J.},
  year = {2018},
  month = feb,
  journal = {Experimental and Clinical Psychopharmacology},
  volume = {26},
  number = {1},
  pages = {77--84},
  issn = {1936-2293, 1064-1297},
  doi = {10.1037/pha0000171},
  language = {en}
}

@article{stein2016,
  title = {Unstuck in Time: Episodic Future Thinking Reduces Delay Discounting and Cigarette Smoking},
  shorttitle = {Unstuck in Time},
  author = {Stein, Jeffrey S. and Wilson, A. George and Koffarnus, Mikhail N. and Daniel, Tinuke Oluyomi and Epstein, Leonard H. and Bickel, Warren K.},
  year = {2016},
  month = oct,
  journal = {Psychopharmacology},
  volume = {233},
  number = {21-22},
  pages = {3771--3778},
  issn = {0033-3158, 1432-2072},
  doi = {10.1007/s00213-016-4410-y},
  language = {en}
}

@article{stein2017,
  title = {Think Fast: Rapid Assessment of the Effects of Episodic Future Thinking on Delay Discounting in Overweight/Obese Participants},
  shorttitle = {Think Fast},
  author = {Stein, Jeffrey S. and Sze, Yan Yan and Athamneh, Liqa and Koffarnus, Mikhail N. and Epstein, Leonard H. and Bickel, Warren K.},
  year = {2017},
  month = oct,
  journal = {Journal of Behavioral Medicine},
  volume = {40},
  number = {5},
  pages = {832--838},
  issn = {0160-7715, 1573-3521},
  doi = {10.1007/s10865-017-9857-8},
  language = {en}
}

@article{stein2018,
  title = {Episodic Future Thinking Reduces Delay Discounting and Cigarette Demand: An Investigation of the Good-Subject Effect},
  shorttitle = {Episodic Future Thinking Reduces Delay Discounting and Cigarette Demand},
  author = {Stein, Jeffrey S. and Tegge, Allison N. and Turner, Jamie K. and Bickel, Warren K.},
  year = {2018},
  month = apr,
  journal = {Journal of Behavioral Medicine},
  volume = {41},
  number = {2},
  pages = {269--276},
  issn = {0160-7715, 1573-3521},
  doi = {10.1007/s10865-017-9908-1},
  language = {en}
}

