@article{ackerman2017,
  title = {Experts' Views Regarding the Conceptualization of Narcissism},
  author = {Ackerman, Robert A. and Hands, Aaron J. and Donnellan, M. Brent and Hopwood, Christopher J. and Witt, Edward A.},
  year = {2017},
  month = jun,
  journal = {Journal of Personality Disorders},
  volume = {31},
  number = {3},
  pages = {346--361},
  issn = {0885-579X},
  doi = {10/gbhhv3},
  language = {en}
}

@book{americanpsychiatricassociation2013,
  title = {Diagnostic and Statistical Manual of Mental Disorders},
  author = {{American Psychiatric Association}},
  year = {2013},
  month = may,
  edition = {Fifth Edition},
  publisher = {{American Psychiatric Association}},
  doi = {10.1176/appi.books.9780890425596},
  isbn = {978-0-89042-555-8 978-0-89042-557-2},
  language = {en}
}

@article{ames2006,
  title = {The {{NPI-16}} as a Short Measure of Narcissism},
  author = {Ames, Daniel R. and Rose, Paul and Anderson, Cameron P.},
  year = {2006},
  month = aug,
  journal = {Journal of Research in Personality},
  volume = {40},
  number = {4},
  pages = {440--450},
  issn = {00926566},
  doi = {10.1016/j.jrp.2005.03.002},
  language = {en}
}

@article{bleske-rechek2008,
  title = {Narcissistic Men and Women Think They Are so Hot \textendash{} but They Are Not},
  author = {{Bleske-Rechek}, April and Remiker, Mark W. and Baker, Jonathan P.},
  year = {2008},
  month = oct,
  journal = {Personality and Individual Differences},
  volume = {45},
  number = {5},
  pages = {420--424},
  issn = {0191-8869},
  doi = {10/ft9dx3},
  language = {en}
}

@article{buelow2014,
  title = {Facets of Grandiose Narcissism Predict Involvement in Health-Risk Behaviors},
  author = {Buelow, Melissa T. and Brunell, Amy B.},
  year = {2014},
  journal = {Personality and Individual Differences},
  volume = {69},
  pages = {193--198},
  publisher = {{Elsevier Science}},
  address = {{Netherlands}},
  issn = {1873-3549},
  doi = {10.1016/j.paid.2014.05.031}
}

@article{carlson2011,
  title = {You Probably Think This Paper's about You: Narcissists' Perceptions of Their Personality and Reputation},
  shorttitle = {You Probably Think This Paper's about You},
  author = {Carlson, Erika N. and Vazire, Simine and Oltmanns, Thomas F.},
  year = {2011},
  month = jul,
  journal = {Journal of personality and social psychology},
  volume = {101},
  number = {1},
  pages = {185--201},
  issn = {0022-3514},
  doi = {10/b5dt23},
  pmcid = {PMC3119754},
  pmid = {21604895}
}

@article{foster2009,
  title = {Why Do Narcissists Take More Risks? {{Testing}} the Roles of Perceived Risks and Benefits of Risky Behaviors},
  shorttitle = {Why Do Narcissists Take More Risks?},
  author = {Foster, Joshua D. and Shenesey, Jessica W. and Goff, Joshua S.},
  year = {2009},
  month = dec,
  journal = {Personality and Individual Differences},
  volume = {47},
  number = {8},
  pages = {885--889},
  issn = {0191-8869},
  doi = {10.1016/j.paid.2009.07.008},
  language = {en}
}

@article{grapsas2020,
  title = {The ``Why'' and ``How'' of Narcissism: A Process Model of Narcissistic Status Pursuit},
  shorttitle = {The ``Why'' and ``How'' of Narcissism},
  author = {Grapsas, Stathis and Brummelman, Eddie and Back, Mitja D. and Denissen, Jaap J. A.},
  year = {2020},
  month = jan,
  journal = {Perspectives on Psychological Science},
  volume = {15},
  number = {1},
  pages = {150--172},
  publisher = {{SAGE Publications Inc}},
  issn = {1745-6916},
  doi = {10/ggkddn},
  language = {en}
}

@article{hyatt2018,
  title = {Narcissism and Self-Esteem: A Nomological Network Analysis},
  shorttitle = {Narcissism and Self-Esteem},
  author = {Hyatt, Courtland S. and Sleep, Chelsea E. and Lamkin, Joanna and {Maples-Keller}, Jessica L. and Sedikides, Constantine and Campbell, W. Keith and Miller, Joshua D.},
  year = {2018},
  month = aug,
  journal = {PLOS ONE},
  volume = {13},
  number = {8},
  pages = {e0201088},
  publisher = {{Public Library of Science}},
  issn = {1932-6203},
  doi = {10/gdzd3c},
  language = {en}
}

@article{jordan2021,
  title = {The Many Faces of Narcissism: Phenomenology, Antecedents, and Consequences},
  shorttitle = {The Many Faces of Narcissism},
  author = {Jordan, Christian H. and Nevicka, Barbara and Sedikides, Constantine},
  year = {2021},
  month = feb,
  journal = {Self and Identity},
  volume = {20},
  number = {2},
  pages = {145--151},
  publisher = {{Routledge}},
  issn = {1529-8868},
  doi = {10/gm98qk}
}

@article{leder2021,
  title = {Testing the Relationships between Narcissism, Risk Attitude, and Income with Data from a Representative German Sample},
  author = {Leder, Johannes and Schneider, Sarah and Sch{\"u}tz, Astrid},
  year = {2021},
  month = oct,
  journal = {Personality Science},
  volume = {2},
  pages = {e7293},
  issn = {2700-0710},
  doi = {10.5964/ps.7293}
}

@article{niemi2016,
  title = {When and Why We See Victims as Responsible: The Impact of Ideology on Attitudes toward Victims},
  shorttitle = {When and Why We See Victims as Responsible},
  author = {Niemi, Laura and Young, Liane},
  year = {2016},
  month = sep,
  journal = {Personality and Social Psychology Bulletin},
  volume = {42},
  number = {9},
  pages = {1227--1242},
  publisher = {{SAGE Publications Inc}},
  issn = {0146-1672},
  doi = {10.1177/0146167216653933},
  language = {en}
}

@article{okada2010,
  title = {The Relationship between Vulnerable Narcissism and Aggression in Japanese Undergraduate Students},
  author = {Okada, Ryo},
  year = {2010},
  month = jul,
  journal = {Personality and Individual Differences},
  volume = {49},
  number = {2},
  pages = {113--118},
  issn = {0191-8869},
  doi = {10/c73zz7},
  language = {en}
}

@article{rosenthal2010,
  title = {Narcissism Assessment in Social\textendash Personality Research: Does the Association between Narcissism and Psychological Health Result from a Confound with Self-Esteem?},
  shorttitle = {Narcissism Assessment in Social\textendash Personality Research},
  author = {Rosenthal, Seth A. and Hooley, Jill M.},
  year = {2010},
  month = aug,
  journal = {Journal of Research in Personality},
  volume = {44},
  number = {4},
  pages = {453--465},
  issn = {0092-6566},
  doi = {10/b42wg6},
  language = {en}
}

@article{russell1985,
  title = {Narcissism and the Narcissistic Personality Disorder: A Comparison of the Theories of Kernberg and Kohut},
  shorttitle = {Narcissism and the Narcissistic Personality Disorder},
  author = {Russell, G. A.},
  year = {1985},
  month = jun,
  journal = {The British Journal of Medical Psychology},
  volume = {58 ( Pt 2)},
  pages = {137--148},
  issn = {0007-1129},
  doi = {10.1111/j.2044-8341.1985.tb02626.x},
  language = {eng},
  pmid = {4016018}
}

@article{schmitt2017,
  title = {Narcissism and the Strategic Pursuit of Short-Term Mating: Universal Links across 11 World Regions of the International Sexuality Description Project-2},
  shorttitle = {Narcissism and the Strategic Pursuit of Short-Term Mating},
  author = {Schmitt, David P.},
  year = {2017},
  journal = {Psihologijske teme},
  volume = {26},
  number = {1},
  pages = {89--137},
  issn = {18490395, 13320742},
  doi = {10.31820/pt.26.1.5}
}

@article{yakeley2018,
  title = {Current Understanding of Narcissism and Narcissistic Personality Disorder},
  author = {Yakeley, Jessica},
  year = {2018},
  month = sep,
  journal = {BJPsych Advances},
  volume = {24},
  number = {5},
  pages = {305--315},
  publisher = {{Cambridge University Press}},
  issn = {2056-4678, 2056-4686},
  doi = {10/gfwddh},
  language = {en}
}

@book{young2006,
  title = {Schema Therapy: A Practitioner's Guide},
  shorttitle = {Schema Therapy},
  author = {Young, Jeffrey E. and Klosko, Janet S. and Weishaar, Marjorie E.},
  year = {2006},
  month = dec,
  edition = {1st edition},
  publisher = {{Guilford Press}},
  isbn = {978-1-59385-372-3},
  language = {English}
}

@article{zajenkowski2015,
  title = {What Makes Narcissists Unhappy? {{Subjectively}} Assessed Intelligence Moderates the Relationship between Narcissism and Psychological Well-Being},
  shorttitle = {What Makes Narcissists Unhappy?},
  author = {Zajenkowski, Marcin and Czarna, Anna Z.},
  year = {2015},
  month = apr,
  journal = {Personality and Individual Differences},
  volume = {77},
  pages = {50--54},
  issn = {0191-8869},
  doi = {10/f638f3},
  language = {en}
}

