@article{locey2011,
  title = {Real and Hypothetical Rewards},
  author = {Locey, Matthew and {Bryan Jones} and Rachlin, Howard},
  year = {2011},
  journal = {Judgement and Decision-Making},
  volume = {6},
  number = {6},
  pages = {552--564}
}

@article{madden2003,
  title = {Delay Discounting of Real and Hypothetical Rewards.},
  author = {Madden, Gregory J. and Begotka, Andrea M. and Raiff, Bethany R. and Kastern, Lana L.},
  year = {2003},
  journal = {Experimental and Clinical Psychopharmacology},
  volume = {11},
  number = {2},
  pages = {139--145},
  issn = {1936-2293, 1064-1297},
  doi = {10.1037/1064-1297.11.2.139},
  language = {en}
}

@incollection{madden2010,
  title = {A Delay-Discounting Primer.},
  booktitle = {Impulsivity: {{The}} Behavioral and Neurological Science of Discounting.},
  author = {Madden, Gregory J. and Johnson, Patrick S.},
  editor = {Madden, Gregory J. and Bickel, Warren K.},
  year = {2010},
  pages = {11--37},
  publisher = {{American Psychological Association}},
  address = {{Washington}},
  doi = {10.1037/12069-001},
  isbn = {978-1-4338-0477-9 978-1-4338-0820-3},
  language = {en}
}

@article{mckerchar2009,
  title = {A Comparison of Four Models of Delay Discounting in Humans},
  author = {McKerchar, Todd L. and Green, Leonard and Myerson, Joel and Pickford, T. Stephen and Hill, Jade C. and Stout, Steven C.},
  year = {2009},
  month = jun,
  journal = {Behavioural Processes},
  volume = {81},
  number = {2},
  pages = {256--259},
  issn = {03766357},
  doi = {10.1016/j.beproc.2008.12.017},
  language = {en}
}

@article{odonnell2018,
  title = {Mix and Match: An Investigation into Whether Episodic Future Thinking Cues Need to Match Discounting Delays in Order to Be Effective},
  shorttitle = {Mix and Match},
  author = {O'Donnell, Sara and {Hollis-Hansen}, Kelseanna and Epstein, Leonard},
  year = {2018},
  month = dec,
  journal = {Behavioral Sciences},
  volume = {9},
  number = {1},
  pages = {1},
  issn = {2076-328X},
  doi = {10.3390/bs9010001},
  language = {en}
}

@article{richards1999,
  title = {Delay or Probability Discounting in a Model of Impulsive Behavior: Effect of Alcohol.},
  shorttitle = {Delay or Probability Discounting in a Model of Impulsive Behavior},
  author = {Richards, J B and Zhang, L and Mitchell, S H and {de Wit}, H},
  year = {1999},
  month = mar,
  journal = {Journal of the Experimental Analysis of Behavior},
  volume = {71},
  number = {2},
  pages = {121--143},
  issn = {0022-5002},
  doi = {10.1901/jeab.1999.71-121}
}

