@article{giebels1998,
  title = {The Alternative Negotiator as the Invisible Third at the Table: The Impact of Potency Information.},
  author = {Giebels, Ellen and {de Dreu}, Carsten K. W. and {van de Vliert}, Evert},
  year = {1998},
  journal = {International Journal of Conflict Management},
  volume = {9},
  number = {1},
  pages = {5--21},
  issn = {1758-8545(Electronic),1044-4068(Print)},
  doi = {10.1108/eb022802}
}

