@article{berry2018,
  title = {Does Being Drunk or High Cause {{HIV}} Sexual Risk Behavior? {{A}} Systematic Review of Drug Administration Studies},
  shorttitle = {Does Being Drunk or High Cause {{HIV}} Sexual Risk Behavior?},
  author = {Berry, Meredith S. and Johnson, Matthew W.},
  year = {2018},
  month = jan,
  journal = {Pharmacology Biochemistry and Behavior},
  volume = {164},
  pages = {125--138},
  issn = {00913057},
  doi = {10.1016/j.pbb.2017.08.009},
  language = {en}
}

@article{dariotis2015,
  title = {Sexual Discounting among High-Risk Youth Ages 18\textendash 24: Implications for Sexual and Substance Use Risk Behaviors.},
  shorttitle = {Sexual Discounting among High-Risk Youth Ages 18\textendash 24},
  author = {Dariotis, Jacinda K. and Johnson, Matthew W.},
  year = {2015},
  journal = {Experimental and Clinical Psychopharmacology},
  volume = {23},
  number = {1},
  pages = {49--58},
  issn = {1936-2293, 1064-1297},
  doi = {10.1037/a0038399},
  language = {en}
}

@article{johnson2012a,
  title = {The Sexual Discounting Task: {{HIV}} Risk Behavior and the Discounting of Delayed Sexual Rewards in Cocaine Dependence},
  shorttitle = {The Sexual Discounting Task},
  author = {Johnson, Matthew W. and Bruner, Natalie R.},
  year = {2012},
  month = jun,
  journal = {Drug and Alcohol Dependence},
  volume = {123},
  number = {1-3},
  pages = {15--21},
  issn = {03768716},
  doi = {10.1016/j.drugalcdep.2011.09.032},
  language = {en}
}

@article{reimers2008,
  title = {Using Adobe Flash Lite on Mobile Phones for Psychological Research: Reaction Time Measurement Reliability and Interdevice Variability},
  shorttitle = {Using Adobe Flash Lite on Mobile Phones for Psychological Research},
  author = {Reimers, Stian and Stewart, Neil},
  year = {2008},
  month = nov,
  journal = {Behavior Research Methods},
  volume = {40},
  number = {4},
  pages = {1170--1176},
  issn = {1554-351X, 1554-3528},
  doi = {10.3758/BRM.40.4.1170},
  language = {en}
}

@article{reimers2009,
  title = {Using {{SMS}} Text Messaging for Teaching and Data Collection in the Behavioral Sciences},
  author = {Reimers, Stian and Stewart, Neil},
  year = {2009},
  month = aug,
  journal = {Behavior Research Methods},
  volume = {41},
  number = {3},
  pages = {675--681},
  issn = {1554-351X, 1554-3528},
  doi = {10.3758/BRM.41.3.675},
  language = {en}
}

@article{reimers2015,
  title = {Presentation and Response Timing Accuracy in Adobe Flash and {{HTML5}}/{{JavaScript}} Web Experiments},
  author = {Reimers, Stian and Stewart, Neil},
  year = {2015},
  month = jun,
  journal = {Behavior Research Methods},
  volume = {47},
  number = {2},
  pages = {309--327},
  issn = {1554-3528},
  doi = {10.3758/s13428-014-0471-1},
  language = {en}
}

