@misc{1970f,
  title = {``Hookups,'' Dating, and Relationship Quality: Does the Type of Sexual Involvement Matter? - {{ScienceDirect}}},
  year = {1970},
  month = jan,
  howpublished = {https://www.sciencedirect.com/science/article/pii/S0049089X10000700}
}

@article{bailey1994,
  title = {Effects of Gender and Sexual Orientation on Evolutionarily Relevant Aspects of Human Mating Psychology},
  author = {Bailey, J. Michael and Gaulin, Steven and Agyei, Yvonne and Gladue, Brian A.},
  year = {1994},
  journal = {Journal of Personality and Social Psychology},
  volume = {66},
  number = {6},
  pages = {1081--1093},
  publisher = {{American Psychological Association}},
  address = {{US}},
  issn = {1939-1315},
  doi = {10.1037/0022-3514.66.6.1081}
}

@article{browne2006,
  title = {Sex, Power, and Dominance: The Evolutionary Psychology of Sexual Harassment},
  shorttitle = {Sex, Power, and Dominance},
  author = {Browne, Kingsley R.},
  year = {2006},
  journal = {Managerial and Decision Economics},
  volume = {27},
  number = {2-3},
  pages = {145--158},
  issn = {1099-1468},
  doi = {10.1002/mde.1289},
  language = {en}
}

@article{buss1992,
  title = {Sex Differences in Jealousy: Evolution, Physiology, and Psychology},
  shorttitle = {Sex Differences in Jealousy},
  author = {Buss, David M. and Larsen, Randy J. and Westen, Drew and Semmelroth, Jennifer},
  year = {1992},
  month = jul,
  journal = {Psychological Science},
  volume = {3},
  number = {4},
  pages = {251--256},
  publisher = {{SAGE Publications Inc}},
  issn = {0956-7976},
  doi = {10.1111/j.1467-9280.1992.tb00038.x},
  language = {en}
}

@article{davidovich2006,
  title = {Relationship Characteristics and Risk of {{HIV}} Infection: Rusbult's Investment Model and Sexual Risk Behavior of Gay Men in Steady Relationships1},
  shorttitle = {Relationship Characteristics and Risk of {{HIV}} Infection},
  author = {Davidovich, Udi and De Wit, John and Strobbe, Wolfgang},
  year = {2006},
  journal = {Journal of Applied Social Psychology},
  volume = {36},
  number = {1},
  pages = {22--40},
  issn = {1559-1816},
  doi = {10.1111/j.0021-9029.2006.00002.x},
  language = {en}
}

@article{gobrogge2007,
  title = {Homosexual Mating Preferences from an Evolutionary Perspective: Sexual Selection Theory Revisited},
  shorttitle = {Homosexual Mating Preferences from an Evolutionary Perspective},
  author = {Gobrogge, Kyle L. and Perkins, Patrick S. and Baker, Jessica H. and Balcer, Kristen D. and Breedlove, S. Marc and Klump, Kelly L.},
  year = {2007},
  month = oct,
  journal = {Archives of Sexual Behavior},
  volume = {36},
  number = {5},
  pages = {717--723},
  issn = {0004-0002},
  doi = {10.1007/s10508-007-9216-x},
  language = {eng},
  pmid = {17674179}
}

@article{hallam2018,
  title = {Are Sex Differences in Mating Strategies Overrated? {{Sociosexual}} Orientation as a Dominant Predictor in Online Dating Strategies},
  shorttitle = {Are Sex Differences in Mating Strategies Overrated?},
  author = {Hallam, Lara and De Backer, Charlotte J. S. and Fisher, Maryanne L. and Walrave, Michel},
  year = {2018},
  month = dec,
  journal = {Evolutionary Psychological Science},
  volume = {4},
  number = {4},
  pages = {456--465},
  issn = {2198-9885},
  doi = {10.1007/s40806-018-0150-z},
  language = {en}
}

@article{hill2002,
  title = {Gender, Relationship Stage, and Sexual Behavior: The Importance of Partner Emotional Investment within Specific Situations},
  shorttitle = {Gender, Relationship Stage, and Sexual Behavior},
  author = {Hill, Craig A.},
  year = {2002},
  month = aug,
  journal = {The Journal of Sex Research},
  volume = {39},
  number = {3},
  pages = {228--240},
  publisher = {{Taylor \& Francis}},
  issn = {0022-4499},
  doi = {10.1080/00224490209552145},
  pmid = {12476270; https://web.archive.org/web/20211104111815/https://www.tandfonline.com/doi/abs/10.1080/00224490209552145}
}

@article{jonason2009,
  title = {The ``Booty Call'': A Compromise between Men's and Women's Ideal Mating Strategies},
  shorttitle = {The ``Booty Call''},
  author = {Jonason, Peter K. and Li, Norman P. and Cason, Margaret J.},
  year = {2009},
  month = sep,
  journal = {The Journal of Sex Research},
  volume = {46},
  number = {5},
  pages = {460--470},
  publisher = {{Taylor \& Francis}},
  issn = {0022-4499},
  doi = {10.1080/00224490902775827},
  pmid = {19253133}
}

@article{katz2006,
  title = {Leaving a Sexually Coercive Dating Partner: A Prospective Application of the Investment Model},
  shorttitle = {Leaving a Sexually Coercive Dating Partner},
  author = {Katz, Jennifer and Kuffel, Stephanie Washington and Brown, Felisa A.},
  year = {2006},
  month = sep,
  journal = {Psychology of Women Quarterly},
  volume = {30},
  number = {3},
  pages = {267--275},
  publisher = {{SAGE Publications Inc; https://web.archive.org/web/20211104111851/https://journals.sagepub.com/doi/10.1111/j.1471-6402.2006.00295.x}},
  issn = {0361-6843},
  doi = {10.1111/j.1471-6402.2006.00295.x},
  language = {en}
}

@article{katz2009,
  title = {Women's Sexual Compliance with Male Dating Partners: Associations with Investment in Ideal Womanhood and Romantic Well-Being},
  shorttitle = {Women's Sexual Compliance with Male Dating Partners},
  author = {Katz, Jennifer and Tirone, Vanessa},
  year = {2009},
  month = mar,
  journal = {Sex Roles},
  volume = {60},
  number = {5},
  pages = {347--356},
  issn = {1573-2762},
  doi = {10.1007/s11199-008-9566-4},
  language = {en}
}

@article{parsons2012,
  title = {Non-Monogamy and Sexual Relationship Quality among Same-Sex Male Couples},
  author = {Parsons, Jeffrey T. and Starks, Tyrel J. and Gamarel, Kristi E. and Grov, Christian},
  year = {2012},
  journal = {Journal of Family Psychology},
  volume = {26},
  number = {5},
  pages = {669--677},
  publisher = {{American Psychological Association}},
  address = {{US}},
  issn = {1939-1293},
  doi = {10.1037/a0029561}
}

@article{prokosch2021,
  title = {Investigating the Relationship between Olfactory Acuity, Disgust, and Mating Strategies},
  author = {Prokosch, Marjorie L. and Airington, Zachary and Murray, Damian R.},
  year = {2021},
  month = mar,
  journal = {Evolution and Human Behavior},
  volume = {42},
  number = {2},
  pages = {113--120},
  issn = {1090-5138},
  doi = {10.1016/j.evolhumbehav.2020.08.002},
  language = {en}
}

@article{roberts2013,
  title = {Humans Are Dunnocks, Not Peacocks: On Cause and Consequence of Variation in Human Mating Strategies},
  shorttitle = {Humans Are Dunnocks, Not Peacocks},
  author = {Roberts, S. Craig and Havl{\'i}{\v c}ek, Jan},
  year = {2013},
  month = jul,
  journal = {Psychological Inquiry},
  volume = {24},
  number = {3},
  pages = {231--236},
  publisher = {{Routledge}},
  issn = {1047-840X},
  doi = {10.1080/1047840x.2013.817299}
}

@article{russell2013,
  title = {Friends with Benefits, but without the Sex: Straight Women and Gay Men Exchange Trustworthy Mating Advice},
  shorttitle = {Friends with Benefits, but without the Sex},
  author = {Russell, Eric M. and DelPriore, Danielle J. and Butterfield, Max E. and Hill, Sarah E.},
  year = {2013},
  month = jan,
  journal = {Evolutionary Psychology},
  volume = {11},
  number = {1},
  pages = {147470491301100113},
  publisher = {{SAGE Publications Inc; https://web.archive.org/web/20211126113602/http://journals.sagepub.com/doi/10.1177/147470491301100113}},
  issn = {1474-7049},
  doi = {10.1177/147470491301100113},
  language = {en}
}

@article{russock2011,
  title = {An Evolutionary Interpretation of the Effect of Gender and Sexual Orientation on Human Mate Selection Preferences, as Indicated by an Analysis of Personal Advertisements},
  author = {Russock, Howard I.},
  year = {2011},
  journal = {Behaviour},
  volume = {148},
  number = {3},
  pages = {307--323},
  publisher = {{BRILL}},
  issn = {0005-7959},
  doi = {10.1163/000579511x556600}
}

@article{silva2019,
  title = {Straight Identity and Same-Sex Desire: Conservatism, Homophobia, and Straight Culture},
  shorttitle = {Straight Identity and Same-Sex Desire},
  author = {Silva, Tony J},
  year = {2019},
  month = mar,
  journal = {Social Forces},
  volume = {97},
  number = {3},
  pages = {1067--1094},
  issn = {0037-7732},
  doi = {10.1093/sf/soy064}
}

@article{sprecher1998,
  title = {Social Exchange Theories and Sexuality},
  author = {Sprecher, Susan},
  year = {1998},
  month = jan,
  journal = {The Journal of Sex Research},
  volume = {35},
  number = {1},
  pages = {32--43},
  publisher = {{Taylor \& Francis}},
  issn = {0022-4499},
  doi = {10.1080/00224499809551915}
}

@incollection{sprecher2004,
  title = {Sexual Satisfaction and Sexual Expression as Predictors of Relationship Satisfaction and Stability},
  booktitle = {The {{Handbook}} of {{Sexuality}} in {{Close Relationships}}},
  author = {Sprecher, Susan and Cate, Rodney M.},
  year = {2004},
  publisher = {{Psychology Press}},
  isbn = {978-1-4106-1024-9}
}

@article{struckman-johnson1992,
  title = {Acceptance of Male Rape Myths among College Men and Women},
  author = {{Struckman-Johnson}, Cindy and {Struckman-Johnson}, David},
  year = {1992},
  month = aug,
  journal = {Sex Roles},
  volume = {27},
  number = {3},
  pages = {85--100},
  issn = {1573-2762},
  doi = {10.1007/bf00290011},
  language = {en}
}

@article{tooke1991,
  title = {Patterns of Deception in Intersexual and Intrasexual Mating Strategies},
  author = {Tooke, William and Camire, Lori},
  year = {1991},
  month = sep,
  journal = {Ethology and Sociobiology},
  volume = {12},
  number = {5},
  pages = {345--364},
  issn = {0162-3095},
  doi = {10/bps539},
  language = {en}
}

@article{wlodarski2015,
  title = {The Relationship between Cognitive and Affective Empathy and Human Mating Strategies},
  author = {Wlodarski, Rafael},
  year = {2015},
  month = dec,
  journal = {Evolutionary Psychological Science},
  volume = {1},
  number = {4},
  pages = {232--240},
  issn = {2198-9885},
  doi = {10.1007/s40806-015-0027-3},
  language = {en}
}

