@misc{breakwell2007,
  title = {The Psychology of Risk},
  author = {Breakwell, Glynis M.},
  year = {2007},
  month = nov,
  journal = {Cambridge Core},
  doi = {10.1017/CBO9780511819315},
  howpublished = {/core/books/psychology-of-risk/3AA5E35577684DF437A1F3084CD2FA8B},
  language = {en}
}

@article{carmonagutierrez2016,
  title = {Sexually Transmitted Infections: Old Foes on the Rise},
  shorttitle = {Sexually Transmitted Infections},
  author = {{Carmona-Gutierrez}, Didac and Kainz, Katharina and Madeo, Frank},
  year = {2016},
  journal = {Microbial Cell},
  volume = {3},
  number = {9},
  pages = {361--362},
  issn = {2311-2638},
  doi = {10.15698/mic2016.09.522},
  pmcid = {PMC5354564},
  pmid = {28357374}
}

@article{demaree2009,
  title = {Trait Dominance Predicts Risk-Taking},
  author = {Demaree, Heath A. and DeDonno, Michael A. and Burns, Kevin J. and Feldman, Pavel and Everhart, D. Erik},
  year = {2009},
  month = oct,
  journal = {Personality and Individual Differences},
  volume = {47},
  number = {5},
  pages = {419--422},
  issn = {01918869},
  doi = {10.1016/j.paid.2009.04.013},
  language = {en}
}

@article{foster2009,
  title = {Why Do Narcissists Take More Risks? {{Testing}} the Roles of Perceived Risks and Benefits of Risky Behaviors},
  shorttitle = {Why Do Narcissists Take More Risks?},
  author = {Foster, Joshua D. and Shenesey, Jessica W. and Goff, Joshua S.},
  year = {2009},
  month = dec,
  journal = {Personality and Individual Differences},
  volume = {47},
  number = {8},
  pages = {885--889},
  issn = {0191-8869},
  doi = {10.1016/j.paid.2009.07.008},
  language = {en}
}

@article{ison2011,
  title = {Antimicrobial Resistance in Neisseria Gonorrhoeae in the {{UK}}: Surveillance and Management},
  shorttitle = {Antimicrobial Resistance in Neisseria Gonorrhoeae in the {{UK}}},
  author = {Ison, Catherine A. and Alexander, Sarah},
  year = {2011},
  month = oct,
  journal = {Expert Review of Anti-infective Therapy},
  volume = {9},
  number = {10},
  pages = {867--876},
  issn = {1478-7210},
  doi = {10.1586/eri.11.103}
}

@article{kim2020,
  title = {Are Insecure Attachment Styles Related to Risky Sexual Behavior? {{A}} Meta-Analysis},
  shorttitle = {Are Insecure Attachment Styles Related to Risky Sexual Behavior?},
  author = {Kim, Hye Min and Miller, Lynn Carol},
  year = {2020},
  month = jan,
  journal = {Health Psychology: Official Journal of the Division of Health Psychology, American Psychological Association},
  volume = {39},
  number = {1},
  pages = {46--57},
  issn = {1930-7810},
  doi = {10.1037/hea0000821},
  language = {eng},
  pmid = {31724425}
}

@article{kuhberger2009,
  title = {Risky Choice Framing: Task Versions and a Comparison of Prospect Theory and Fuzzy-Trace Theory},
  shorttitle = {Risky Choice Framing},
  author = {K{\"u}hberger, Anton and Tanner, Carmen},
  year = {2009},
  month = jul,
  journal = {Journal of Behavioral Decision Making},
  volume = {23},
  number = {3},
  pages = {314--329},
  issn = {08943257, 10990771},
  doi = {10/dtqksm},
  language = {en}
}

@article{kusev2017,
  title = {Understanding Risky Behavior: The Influence of Cognitive, Emotional and Hormonal Factors on Decision-Making under Risk},
  shorttitle = {Understanding Risky Behavior},
  author = {Kusev, Petko and Purser, Harry and Heilman, Renata and Cooke, Alex J. and Van Schaik, Paul and Baranova, Victoria and Martin, Rose and Ayton, Peter},
  year = {2017},
  month = feb,
  journal = {Frontiers in Psychology},
  volume = {8},
  issn = {1664-1078},
  doi = {10.3389/fpsyg.2017.00102},
  pmcid = {PMC5285332},
  pmid = {28203215}
}

@article{mamerow2016,
  title = {Risk Taking across the Life Span: A Comparison of Self-Report and Behavioral Measures of Risk Taking},
  shorttitle = {Risk Taking across the Life Span},
  author = {Mamerow, Loreen and Frey, Renato and Mata, Rui},
  year = {2016},
  month = nov,
  journal = {Psychology and Aging},
  volume = {31},
  number = {7},
  pages = {711--723},
  issn = {1939-1498},
  doi = {10.1037/pag0000124},
  language = {eng},
  pmid = {27684105}
}

@article{rolison2014,
  title = {Risk-Taking Differences across the Adult Life Span: A Question of Age and Domain},
  shorttitle = {Risk-Taking Differences across the Adult Life Span},
  author = {Rolison, Jonathan J. and Hanoch, Yaniv and Wood, Stacey and Liu, Pi-Ju},
  year = {2014},
  month = nov,
  journal = {The Journals of Gerontology: Series B},
  volume = {69},
  number = {6},
  pages = {870--880},
  issn = {1079-5014},
  doi = {10.1093/geronb/gbt081}
}

@article{rusbult1998,
  title = {The Investment Model Scale: Measuring Commitment Level, Satisfaction Level, Quality of Alternatives, and Investment Size},
  shorttitle = {The Investment Model Scale},
  author = {Rusbult, Caryl E. and Martz, John M. and Agnew, Christopher R.},
  year = {1998},
  journal = {Personal Relationships},
  volume = {5},
  number = {4},
  pages = {357--387},
  issn = {1475-6811},
  doi = {10.1111/j.1475-6811.1998.tb00177.x},
  language = {en}
}

@article{sokolowska2021,
  title = {The Perceived Risk\textendash Value Relation and Models of Preferences},
  author = {Sokolowska, Joanna and Michalaszek, Agata and Gugala, Ida},
  year = {2021},
  journal = {Decision},
  volume = {8},
  number = {4},
  pages = {327--345},
  publisher = {{Educational Publishing Foundation}},
  address = {{US}},
  issn = {2325-9973},
  doi = {10/gm98qm}
}

@article{vankleef2021,
  title = {No Guts, No Glory? {{How}} Risk-Taking Shapes Dominance, Prestige, and Leadership Endorsement},
  shorttitle = {No Guts, No Glory?},
  author = {{van Kleef}, Gerben A. and Heerdink, Marc W. and Cheshin, Arik and Stamkou, Eftychia and Wanders, Florian and Koning, Lukas F. and Fang, Xia and Georgeac, Oriane A. M.},
  year = {2021},
  month = jan,
  journal = {The Journal of Applied Psychology},
  issn = {1939-1854},
  doi = {10.1037/apl0000868},
  language = {eng},
  pmid = {33507768}
}

