@article{berry2018,
  title = {Does Being Drunk or High Cause {{HIV}} Sexual Risk Behavior? {{A}} Systematic Review of Drug Administration Studies},
  shorttitle = {Does Being Drunk or High Cause {{HIV}} Sexual Risk Behavior?},
  author = {Berry, Meredith S. and Johnson, Matthew W.},
  year = {2018},
  month = jan,
  journal = {Pharmacology Biochemistry and Behavior},
  volume = {164},
  pages = {125--138},
  issn = {00913057},
  doi = {10.1016/j.pbb.2017.08.009},
  language = {en}
}

@article{cunningham2009,
  title = {Relationships between Perceived Std-Related Stigma, Std-Related Shame and Std Screening among a Household Sample of Adolescents},
  author = {Cunningham, Shayna D. and Kerrigan, Deanna L. and Jennings, Jacky M. and Ellen, Jonathan M.},
  year = {2009},
  month = dec,
  journal = {Perspectives on Sexual and Reproductive Health},
  volume = {41},
  number = {4},
  pages = {225--230},
  issn = {15386341},
  doi = {10.1363/4122509},
  language = {en}
}

@article{garolla2011,
  title = {The Role of Human Papillomavirus on Sperm Function:},
  shorttitle = {The Role of Human Papillomavirus on Sperm Function},
  author = {Garolla, Andrea and Pizzol, Damiano and Foresta, Carlo},
  year = {2011},
  month = aug,
  journal = {Current Opinion in Obstetrics and Gynecology},
  volume = {23},
  number = {4},
  pages = {232--237},
  issn = {1040-872X},
  doi = {10.1097/GCO.0b013e328348a3a4},
  language = {en}
}

@article{gomez2013,
  title = {Untreated Maternal Syphilis and Adverse Outcomes of Pregnancy: A Systematic Review and Meta-Analysis},
  shorttitle = {Untreated Maternal Syphilis and Adverse Outcomes of Pregnancy},
  author = {Gomez, Gabriela B and Kamb, Mary L and Newman, Lori M and Mark, Jennifer and Broutet, Nathalie and Hawkes, Sarah J},
  year = {2013},
  month = mar,
  journal = {Bulletin of the World Health Organization},
  volume = {91},
  number = {3},
  pages = {217--226},
  issn = {0042-9686},
  doi = {10.2471/BLT.12.107623}
}

@article{kirby2007,
  title = {Sex and {{HIV}} Education Programs: Their Impact on Sexual Behaviors of Young People throughout the World},
  shorttitle = {Sex and {{HIV}} Education Programs},
  author = {Kirby, Douglas B. and Laris, B.A. and Rolleri, Lori A.},
  year = {2007},
  month = mar,
  journal = {Journal of Adolescent Health},
  volume = {40},
  number = {3},
  pages = {206--217},
  issn = {1054139X},
  doi = {10.1016/j.jadohealth.2006.11.143},
  language = {en}
}

@article{morris2014,
  title = {Sexually Transmitted Infection Related Stigma and Shame among African American Male Youth: Implications for Testing Practices, Partner Notification, and Treatment},
  shorttitle = {Sexually Transmitted Infection Related Stigma and Shame among African American Male Youth},
  author = {Morris, Jessica L. and Lippman, Sheri A. and Philip, Susan and Bernstein, Kyle and Neilands, Torsten B. and Lightfoot, Marguerita},
  year = {2014},
  month = sep,
  journal = {AIDS Patient Care and STDs},
  volume = {28},
  number = {9},
  pages = {499--506},
  issn = {1087-2914, 1557-7449},
  doi = {10.1089/apc.2013.0316},
  language = {en}
}

@misc{ncsl2016,
  title = {State Policies on Sex Education in Schools},
  author = {NCSL},
  year = {2016},
  publisher = {{National Conference of State Legislatures}}
}

@article{satterwhite2013,
  title = {Sexually Transmitted Infections among {{US}} Women and Men: Prevalence and Incidence Estimates, 2008},
  shorttitle = {Sexually Transmitted Infections among {{US}} Women and Men},
  author = {Satterwhite, Catherine Lindsey and Torrone, Elizabeth and Meites, Elissa and Dunne, Eileen F. and Mahajan, Reena and Ocfemia, M. Cheryl Ba{\~n}ez and Su, John and Xu, Fujie and Weinstock, Hillard},
  year = {2013},
  month = mar,
  journal = {Sexually Transmitted Diseases},
  volume = {40},
  number = {3},
  pages = {187--193},
  issn = {0148-5717},
  doi = {10.1097/OLQ.0b013e318286bb53},
  language = {en}
}

@article{wald2001,
  title = {Effect of Condoms on Reducing the Transmission of Herpes Simplex Virus Type 2 from Men to Women},
  author = {Wald, Anna},
  year = {2001},
  month = jun,
  journal = {JAMA},
  volume = {285},
  number = {24},
  pages = {3100},
  issn = {0098-7484},
  doi = {10.1001/jama.285.24.3100},
  language = {en}
}

@article{young2007,
  title = {Potential Moral Stigma and Reactions to Sexually Transmitted Diseases: Evidence for a Disjunction Fallacy},
  shorttitle = {Potential Moral Stigma and Reactions to Sexually Transmitted Diseases},
  author = {Young, Sean D. and Nussbaum, A. David and Monin, Beno{\^i}t},
  year = {2007},
  month = jun,
  journal = {Personality and Social Psychology Bulletin},
  volume = {33},
  number = {6},
  pages = {789--799},
  issn = {0146-1672, 1552-7433},
  doi = {10.1177/0146167207301027},
  language = {en}
}

@article{zhu2010,
  title = {Maternal and Congenital Syphilis in Shanghai, China, 2002 to 2006},
  author = {Zhu, Liping and Qin, Min and Du, Li and Xie, Ri-hua and Wong, Tom and Wen, Shi Wu},
  year = {2010},
  month = sep,
  journal = {International Journal of Infectious Diseases},
  volume = {14},
  pages = {e45-e48},
  issn = {12019712},
  doi = {10.1016/j.ijid.2009.09.009},
  language = {en}
}

