@incollection{palomo2007,
  title = {8 Bayesian Structural Equation Modeling},
  booktitle = {Handbook of {{Computing}} and {{Statistics}} with {{Applications}}},
  author = {Palomo, Jesus and Dunson, David B. and Bollen, Ken},
  year = {2007},
  volume = {1},
  pages = {163--188},
  publisher = {{Elsevier}},
  doi = {10.1016/S1871-0301(06)01008-0},
  isbn = {978-0-444-52044-9},
  language = {en}
}

