@misc{1970a,
  title = {Conduct of Relationships, Sexual Health and Parenthood Education in Schools},
  year = {1970},
  month = jan,
  howpublished = {http://www.gov.scot/publications/conduct-relationships-sexual-health-parenthood-education-schools/pages/1/},
  language = {en}
}

@misc{1970d,
  title = {Let's Be Honest, Our Sex Education Curriculum Is Sexist and Homophobic - Shout out {{UK}}},
  year = {1970},
  month = jan,
  journal = {https://www.shoutoutuk.org/},
  chapter = {Culture, Travel and Sport},
  howpublished = {https://www.shoutoutuk.org/2020/08/12/lets-be-honest-our-sex-education-curriculum-is-sexist-and-homophobic/},
  language = {en\_GB}
}

@misc{1970f,
  title = {``Hookups,'' Dating, and Relationship Quality: Does the Type of Sexual Involvement Matter? - {{ScienceDirect}}},
  year = {1970},
  month = jan,
  howpublished = {https://www.sciencedirect.com/science/article/pii/S0049089X10000700}
}

@article{anderson1993,
  title = {Women's Acceptance of Rape Myths and Their Sexual Experiences},
  author = {Anderson, Wayne P. and Cummings, Kimberly},
  year = {1993},
  journal = {Journal of College Student Development},
  volume = {34},
  number = {1},
  pages = {53--57},
  publisher = {{ACPA Executive Office}},
  address = {{US}},
  issn = {1543-3382}
}

@article{archer2000,
  title = {Sex Differences in Aggression between Heterosexual Partners: A Meta-Analytic Review},
  shorttitle = {Sex Differences in Aggression between Heterosexual Partners},
  author = {Archer, John},
  year = {2000},
  journal = {Psychological Bulletin},
  volume = {126},
  number = {5},
  pages = {651--680},
  publisher = {{American Psychological Association}},
  address = {{US}},
  issn = {1939-1455},
  doi = {10.1037/0033-2909.126.5.651}
}

@article{bailey1994,
  title = {Effects of Gender and Sexual Orientation on Evolutionarily Relevant Aspects of Human Mating Psychology},
  author = {Bailey, J. Michael and Gaulin, Steven and Agyei, Yvonne and Gladue, Brian A.},
  year = {1994},
  journal = {Journal of Personality and Social Psychology},
  volume = {66},
  number = {6},
  pages = {1081--1093},
  publisher = {{American Psychological Association}},
  address = {{US}},
  issn = {1939-1315},
  doi = {10.1037/0022-3514.66.6.1081}
}

@article{baldwin1988,
  title = {Factors Affecting Aids-related Sexual Risk-taking Behavior among College Students},
  author = {Baldwin, John D. and Baldwin, Janice I.},
  year = {1988},
  month = may,
  journal = {The Journal of Sex Research},
  volume = {25},
  number = {2},
  pages = {181--196},
  publisher = {{Taylor \& Francis}},
  issn = {0022-4499},
  doi = {10.1080/00224498809551454}
}

@article{barron2020,
  title = {Prosociality and a Sociosexual Hypothesis for the Evolution of Same-Sex Attraction in Humans},
  author = {Barron, Andrew B. and Hare, Brian},
  year = {2020},
  journal = {Frontiers in Psychology},
  volume = {10},
  publisher = {{Frontiers}},
  issn = {1664-1078},
  doi = {10.3389/fpsyg.2019.02955},
  language = {English}
}

@article{barth2002,
  title = {Social Stigma and Negative Consequences: Factors That Influence College Students' Decisions to Seek Testing for Sexually Transmitted Infections},
  shorttitle = {Social Stigma and Negative Consequences},
  author = {Barth, Karen R. and Cook, Robert L. and Downs, Julie S. and Switzer, Galen E. and Fischhoff, Baruch},
  year = {2002},
  month = jan,
  journal = {Journal of American College Health},
  volume = {50},
  number = {4},
  pages = {153--159},
  publisher = {{Taylor \& Francis}},
  issn = {0744-8481},
  doi = {10.1080/07448480209596021},
  pmid = {11910948}
}

@article{browne2006,
  title = {Sex, Power, and Dominance: The Evolutionary Psychology of Sexual Harassment},
  shorttitle = {Sex, Power, and Dominance},
  author = {Browne, Kingsley R.},
  year = {2006},
  journal = {Managerial and Decision Economics},
  volume = {27},
  number = {2-3},
  pages = {145--158},
  issn = {1099-1468},
  doi = {10.1002/mde.1289},
  language = {en}
}

@article{burt1980,
  title = {Cultural Myths and Supports for Rape},
  author = {Burt, Martha R.},
  year = {1980},
  journal = {Journal of Personality and Social Psychology},
  volume = {38},
  number = {2},
  pages = {217--230},
  publisher = {{American Psychological Association}},
  address = {{US}},
  issn = {1939-1315},
  doi = {10.1037/0022-3514.38.2.217}
}

@article{buss1992,
  title = {Sex Differences in Jealousy: Evolution, Physiology, and Psychology},
  shorttitle = {Sex Differences in Jealousy},
  author = {Buss, David M. and Larsen, Randy J. and Westen, Drew and Semmelroth, Jennifer},
  year = {1992},
  month = jul,
  journal = {Psychological Science},
  volume = {3},
  number = {4},
  pages = {251--256},
  publisher = {{SAGE Publications Inc}},
  issn = {0956-7976},
  doi = {10.1111/j.1467-9280.1992.tb00038.x},
  language = {en}
}

@article{byrne1976,
  title = {Social Psychology and the Study of Sexual Behavior},
  author = {Byrne, Donn},
  year = {1976},
  month = dec,
  journal = {Personality and Social Psychology Bulletin},
  volume = {3},
  number = {1},
  pages = {3--30},
  publisher = {{SAGE Publications Inc}},
  issn = {0146-1672},
  doi = {10.1177/014616727600300102},
  language = {en}
}

@article{conlon2019,
  title = {Mate Retention Strategies of Dominance-Oriented and Prestige-Oriented Romantic Partners},
  author = {Conlon, Kyle E.},
  year = {2019},
  month = sep,
  journal = {Evolutionary Psychological Science},
  volume = {5},
  number = {3},
  pages = {317--327},
  issn = {2198-9885},
  doi = {10.1007/s40806-019-00189-x},
  language = {en}
}

@article{cooke2020,
  title = {Examining the Relationship between Victimization, Psychopathy, and the Acceptance of Rape Myths},
  author = {Cooke, Eric M. and Lewis, Richard H. and Hayes, Brittany E. and Bouffard, Leana A. and Boisvert, Danielle L. and Wells, Jessica and Kavish, Nicholas and Woeckener, Matthias and Armstrong, Todd A.},
  year = {2020},
  month = oct,
  journal = {Journal of Interpersonal Violence},
  pages = {0886260520966669},
  publisher = {{SAGE Publications Inc; https://web.archive.org/web/20211207121439/https://journals.sagepub.com/action/cookieAbsent}},
  issn = {0886-2605},
  doi = {10.1177/0886260520966669},
  language = {en}
}

@article{costalourenco2017,
  title = {Antimicrobial Resistance in Neisseria Gonorrhoeae: History, Molecular Mechanisms and Epidemiological Aspects of an Emerging Global Threat},
  shorttitle = {Antimicrobial Resistance in Neisseria Gonorrhoeae},
  author = {da {Costa-Louren{\c c}o}, Ana Paula Ramalho and {Barros dos Santos}, K{\'e}sia Tha{\'i}s and Moreira, Beatriz Meurer and Fracalanzza, Sergio Eduardo Longo and Bonelli, Raquel Regina},
  year = {2017},
  month = jul,
  journal = {Brazilian Journal of Microbiology},
  volume = {48},
  number = {4},
  pages = {617--628},
  issn = {1517-8382},
  doi = {10.1016/j.bjm.2017.06.001},
  pmcid = {PMC5628311},
  pmid = {28754299}
}

@article{cunningham2009,
  title = {Relationships between Perceived Std-Related Stigma, Std-Related Shame and Std Screening among a Household Sample of Adolescents},
  author = {Cunningham, Shayna D. and Kerrigan, Deanna L. and Jennings, Jacky M. and Ellen, Jonathan M.},
  year = {2009},
  month = dec,
  journal = {Perspectives on Sexual and Reproductive Health},
  volume = {41},
  number = {4},
  pages = {225--230},
  issn = {15386341},
  doi = {10.1363/4122509},
  language = {en}
}

@article{davidovich2006,
  title = {Relationship Characteristics and Risk of {{HIV}} Infection: Rusbult's Investment Model and Sexual Risk Behavior of Gay Men in Steady Relationships1},
  shorttitle = {Relationship Characteristics and Risk of {{HIV}} Infection},
  author = {Davidovich, Udi and De Wit, John and Strobbe, Wolfgang},
  year = {2006},
  journal = {Journal of Applied Social Psychology},
  volume = {36},
  number = {1},
  pages = {22--40},
  issn = {1559-1816},
  doi = {10.1111/j.0021-9029.2006.00002.x},
  language = {en}
}

@article{deal2004,
  title = {Long-Term Clinical Sequelae of Sexually Transmitted Infections in Women},
  author = {Deal, Carolyn and Cates, Ward and Peeling, Rosanna and Wald, Anna},
  year = {2004},
  month = nov,
  journal = {Emerging Infectious Diseases},
  volume = {10},
  number = {11},
  pages = {e2},
  issn = {1080-6040},
  doi = {10.3201/eid1011.040622_02},
  pmcid = {PMC3329009},
  pmid = {null}
}

@article{dejong2020,
  title = {Male Rape in Context: Measures of Intolerance and Support for Male Rape Myths (Mrms)},
  shorttitle = {Male Rape in Context},
  author = {DeJong, Christina and Morgan, Skyler J. and Cox, Alison},
  year = {2020},
  month = jul,
  journal = {Criminal Justice Studies},
  volume = {33},
  number = {3},
  pages = {195--212},
  publisher = {{Routledge}},
  issn = {1478-601X},
  doi = {10.1080/1478601x.2020.1786278}
}

@article{delva1983,
  title = {Social Implications of Sexually Transmitted Diseases},
  author = {Delva, Dianne},
  year = {1983},
  journal = {Canadian Family Physician},
  volume = {29},
  pages = {1933--1936}
}

@misc{departmentofeducation2021,
  title = {Relationships and Sex Education ({{RSE}}) (Secondary)},
  author = {{Department of Education}},
  year = {2021},
  journal = {GOV.UK},
  howpublished = {https://www.gov.uk/government/publications/relationships-education-relationships-and-sex-education-rse-and-health-education/relationships-and-sex-education-rse-secondary},
  language = {en}
}

@article{desanjose2008,
  title = {Age at Sexual Initiation and Number of Sexual Partners in the Female Spanish Population: Results from the {{AFRODITA}} Survey},
  shorttitle = {Age at Sexual Initiation and Number of Sexual Partners in the Female Spanish Population},
  author = {{de Sanjose}, Silvia and Cort{\'e}s, Xavier and M{\'e}ndez, Cristina and {Puig-Tintore}, Lluis and Torn{\'e}, Aureli and Roura, Esther and Bosch, F. Xavier and Castellsague, Xavier},
  year = {2008},
  month = oct,
  journal = {European Journal of Obstetrics \& Gynecology and Reproductive Biology},
  volume = {140},
  number = {2},
  pages = {234--240},
  issn = {0301-2115},
  doi = {10.1016/j.ejogrb.2008.04.005},
  language = {en}
}

@article{desiderato1995,
  title = {Risky Sexual Behavior in College Students: Relationships between Number of Sexual Partners, Disclosure of Previous Risky Behavior, and Alcohol Use},
  shorttitle = {Risky Sexual Behavior in College Students},
  author = {Desiderato, Laurie L. and Crawford, Helen J.},
  year = {1995},
  month = feb,
  journal = {Journal of Youth and Adolescence},
  volume = {24},
  number = {1},
  pages = {55--68},
  issn = {1573-6601},
  doi = {10.1007/BF01537560},
  language = {en}
}

@article{dickson1998,
  title = {First Sexual Intercourse: Age, Coercion, and Later Regrets Reported by a Birth Cohort},
  shorttitle = {First Sexual Intercourse},
  author = {Dickson, Nigel and Paul, Charlotte and Herbison, Peter and Silva, Phil},
  year = {1998},
  month = jan,
  journal = {BMJ},
  volume = {316},
  number = {7124},
  pages = {29--33},
  publisher = {{British Medical Journal Publishing Group}},
  issn = {0959-8138, 1468-5833},
  doi = {10.1136/bmj.316.7124.29},
  chapter = {Paper},
  copyright = {\textcopyright{} 1998 BMJ Publishing Group Ltd.},
  language = {en},
  pmid = {9451263}
}

@book{differences2001,
  title = {Sex Affects Behavior and Perception},
  author = {Differences, Institute of Medicine (US) Committee on Understanding the Biology of Sex {and} Gender and Wizemann, Theresa M. and Pardue, Mary-Lou},
  year = {2001},
  journal = {Exploring the Biological Contributions to Human Health: Does Sex Matter?},
  publisher = {{National Academies Press (US)}},
  language = {en}
}

@article{ellis2004,
  title = {Something More to Tell You: Gay, Lesbian or Bisexual Young People's Experiences of Secondary Schooling},
  shorttitle = {Something More to Tell You},
  author = {Ellis, Viv and High, Sue},
  year = {2004},
  journal = {British Educational Research Journal},
  volume = {30},
  number = {2},
  pages = {213--225},
  issn = {1469-3518},
  doi = {10.1080/0141192042000195281},
  copyright = {2004 British Educational Research Association},
  language = {en}
}

@article{forbes2001,
  title = {Experiences with Sexual Coercion in College Males and Females: Role of Family Conflict, Sexist Attitudes, Acceptance of Rape Myths, Self-Esteem, and the Big-Five Personality Factors},
  shorttitle = {Experiences with Sexual Coercion in College Males and Females},
  author = {FORBES, GORDON B. and {ADAMS-CURTIS}, LEAH E.},
  year = {2001},
  month = sep,
  journal = {Journal of Interpersonal Violence},
  volume = {16},
  number = {9},
  pages = {865--889},
  publisher = {{SAGE Publications Inc; https://web.archive.org/web/20211207121337/https://journals.sagepub.com/doi/10.1177/088626001016009002}},
  issn = {0886-2605},
  doi = {10.1177/088626001016009002},
  language = {en}
}

@article{forbes2005,
  title = {Perceptions of Dating Violence Following a Sexualor Nonsexual Betrayal of Trust: Effects of Gender, Sexism, Acceptance of Rape Myths, and Vengeance Motivation},
  shorttitle = {Perceptions of Dating Violence Following a Sexualor Nonsexual Betrayal of Trust},
  author = {Forbes, Gordon B. and Jobe, Rebecca L. and White, Kay B. and Bloesch, Emily and {Adams-Curtis}, Leah E.},
  year = {2005},
  month = feb,
  journal = {Sex Roles},
  volume = {52},
  number = {3},
  pages = {165--173},
  publisher = {{Kluwer Academic Publishers-Plenum Publishers; https://web.archive.org/web/20211213130100/https://link.springer.com/article/10.1007/s11199-005-1292-6}},
  issn = {1573-2762},
  doi = {10.1007/s11199-005-1292-6},
  copyright = {2005 Springer Science + Business Media, Inc.},
  language = {en}
}

@article{giacopassi1986,
  title = {Gender and Racial Differences in the Acceptance of Rape Myths within a College Population},
  author = {Giacopassi, David J. and Dull, R. Thomas},
  year = {1986},
  month = jul,
  journal = {Sex Roles},
  volume = {15},
  number = {1},
  pages = {63--75},
  issn = {1573-2762},
  doi = {10.1007/bf00287532},
  language = {en}
}

@article{gobrogge2007,
  title = {Homosexual Mating Preferences from an Evolutionary Perspective: Sexual Selection Theory Revisited},
  shorttitle = {Homosexual Mating Preferences from an Evolutionary Perspective},
  author = {Gobrogge, Kyle L. and Perkins, Patrick S. and Baker, Jessica H. and Balcer, Kristen D. and Breedlove, S. Marc and Klump, Kelly L.},
  year = {2007},
  month = oct,
  journal = {Archives of Sexual Behavior},
  volume = {36},
  number = {5},
  pages = {717--723},
  issn = {0004-0002},
  doi = {10.1007/s10508-007-9216-x},
  language = {eng},
  pmid = {17674179}
}

@article{hallam2018,
  title = {Are Sex Differences in Mating Strategies Overrated? {{Sociosexual}} Orientation as a Dominant Predictor in Online Dating Strategies},
  shorttitle = {Are Sex Differences in Mating Strategies Overrated?},
  author = {Hallam, Lara and De Backer, Charlotte J. S. and Fisher, Maryanne L. and Walrave, Michel},
  year = {2018},
  month = dec,
  journal = {Evolutionary Psychological Science},
  volume = {4},
  number = {4},
  pages = {456--465},
  issn = {2198-9885},
  doi = {10.1007/s40806-018-0150-z},
  language = {en}
}

@article{hamby1996,
  title = {The Dominance Scale: Preliminary Psychometric Properties},
  shorttitle = {The Dominance Scale},
  author = {Hamby, Sherry L.},
  year = {1996},
  month = jan,
  journal = {Violence and Victims},
  volume = {11},
  number = {3},
  pages = {199--212},
  publisher = {{Springer}},
  issn = {0886-6708, 1945-7073},
  doi = {10.1891/0886-6708.11.3.199},
  chapter = {Journal article},
  language = {en}
}

@article{hatz2020,
  title = {Young Adults Make Rational Sexual Decisions},
  author = {Hatz, Laura E. and Park, Sanghyuk and McCarty, Kayleigh N. and McCarthy, Denis M. and {Davis-Stober}, Clintin P.},
  year = {2020},
  month = jul,
  journal = {Psychological Science},
  pages = {0956797620925036},
  publisher = {{SAGE Publications Inc}},
  issn = {0956-7976},
  doi = {10.1177/0956797620925036}
}

@article{henkel2004,
  title = {Long-Term Consequences of Sexually Transmitted Infections on Men's Sexual Function: A Systematic Review},
  shorttitle = {Long-Term Consequences of Sexually Transmitted Infections on Men's Sexual Function},
  author = {Henkel, Ralf},
  year = {2004},
  month = nov,
  journal = {Arab Journal of Urology},
  volume = {19},
  number = {3},
  pages = {411--418},
  issn = {2090-598X},
  doi = {10.1080/2090598X.2021.1942414},
  pmcid = {PMC8451632},
  pmid = {34552793}
}

@article{hill2002,
  title = {Gender, Relationship Stage, and Sexual Behavior: The Importance of Partner Emotional Investment within Specific Situations},
  shorttitle = {Gender, Relationship Stage, and Sexual Behavior},
  author = {Hill, Craig A.},
  year = {2002},
  month = aug,
  journal = {The Journal of Sex Research},
  volume = {39},
  number = {3},
  pages = {228--240},
  publisher = {{Taylor \& Francis}},
  issn = {0022-4499},
  doi = {10.1080/00224490209552145},
  pmid = {12476270; https://web.archive.org/web/20211104111815/https://www.tandfonline.com/doi/abs/10.1080/00224490209552145}
}

@article{hoefer2017,
  title = {Worth the Wait? {{The}} Consequences of Abstinence-Only Sex Education for Marginalized Students},
  shorttitle = {Worth the Wait?},
  author = {Hoefer, Sharon E. and Hoefer, Richard},
  year = {2017},
  month = jul,
  journal = {American Journal of Sexuality Education},
  volume = {12},
  number = {3},
  pages = {257--276},
  publisher = {{Taylor \& Francis}},
  issn = {1554-6128},
  doi = {10.1080/15546128.2017.1359802}
}

@book{instituteofmedicine2001,
  title = {Exploring the Biological Contributions to Human Health: Does Sex Matter?},
  shorttitle = {Exploring the Biological Contributions to Human Health},
  author = {{Institute of Medicine (U.S.)} and {Committee on Understanding the Biology of Sex and Gender Differences} and Wizemann, Theresa M and Pardue, Mary Lou},
  year = {2001},
  publisher = {{National Academy Press}},
  address = {{Washington, D.C.}},
  isbn = {978-0-309-51190-2},
  language = {en}
}

@article{jonason2009,
  title = {The ``Booty Call'': A Compromise between Men's and Women's Ideal Mating Strategies},
  shorttitle = {The ``Booty Call''},
  author = {Jonason, Peter K. and Li, Norman P. and Cason, Margaret J.},
  year = {2009},
  month = sep,
  journal = {The Journal of Sex Research},
  volume = {46},
  number = {5},
  pages = {460--470},
  publisher = {{Taylor \& Francis}},
  issn = {0022-4499},
  doi = {10.1080/00224490902775827},
  pmid = {19253133}
}

@article{katz2006,
  title = {Leaving a Sexually Coercive Dating Partner: A Prospective Application of the Investment Model},
  shorttitle = {Leaving a Sexually Coercive Dating Partner},
  author = {Katz, Jennifer and Kuffel, Stephanie Washington and Brown, Felisa A.},
  year = {2006},
  month = sep,
  journal = {Psychology of Women Quarterly},
  volume = {30},
  number = {3},
  pages = {267--275},
  publisher = {{SAGE Publications Inc; https://web.archive.org/web/20211104111851/https://journals.sagepub.com/doi/10.1111/j.1471-6402.2006.00295.x}},
  issn = {0361-6843},
  doi = {10.1111/j.1471-6402.2006.00295.x},
  language = {en}
}

@article{katz2009,
  title = {Women's Sexual Compliance with Male Dating Partners: Associations with Investment in Ideal Womanhood and Romantic Well-Being},
  shorttitle = {Women's Sexual Compliance with Male Dating Partners},
  author = {Katz, Jennifer and Tirone, Vanessa},
  year = {2009},
  month = mar,
  journal = {Sex Roles},
  volume = {60},
  number = {5},
  pages = {347--356},
  issn = {1573-2762},
  doi = {10.1007/s11199-008-9566-4},
  language = {en}
}

@article{kim2020,
  title = {Are Insecure Attachment Styles Related to Risky Sexual Behavior? {{A}} Meta-Analysis},
  shorttitle = {Are Insecure Attachment Styles Related to Risky Sexual Behavior?},
  author = {Kim, Hye Min and Miller, Lynn Carol},
  year = {2020},
  month = jan,
  journal = {Health Psychology: Official Journal of the Division of Health Psychology, American Psychological Association},
  volume = {39},
  number = {1},
  pages = {46--57},
  issn = {1930-7810},
  doi = {10.1037/hea0000821},
  language = {eng},
  pmid = {31724425}
}

@article{kirby2007,
  title = {Sex and {{HIV}} Education Programs: Their Impact on Sexual Behaviors of Young People throughout the World},
  shorttitle = {Sex and {{HIV}} Education Programs},
  author = {Kirby, Douglas B. and Laris, B.A. and Rolleri, Lori A.},
  year = {2007},
  month = mar,
  journal = {Journal of Adolescent Health},
  volume = {40},
  number = {3},
  pages = {206--217},
  issn = {1054139X},
  doi = {10.1016/j.jadohealth.2006.11.143},
  language = {en}
}

@article{koss1982,
  title = {Sexual Experiences Survey: A Research Instrument Investigating Sexual Aggression and Victimization},
  shorttitle = {Sexual Experiences Survey},
  author = {Koss, Mary P. and Oros, Cheryl J.},
  year = {1982},
  journal = {Journal of Consulting and Clinical Psychology},
  volume = {50},
  number = {3},
  pages = {455--457},
  publisher = {{American Psychological Association}},
  issn = {0022-006X},
  doi = {10.1037/0022-006X.50.3.455},
  language = {eng}
}

@article{koss1985,
  title = {Sexual Experiences Survey: Reliability and Validity.},
  shorttitle = {Sexual Experiences Survey},
  author = {Koss, Mary P. and Gidycz, Christine A.},
  year = {1985},
  journal = {Journal of Consulting and Clinical Psychology},
  volume = {53},
  number = {3},
  pages = {422--423},
  issn = {1939-2117, 0022-006X},
  doi = {10.1037/0022-006X.53.3.422},
  language = {en}
}

@article{koss1987,
  title = {The Scope of Rape: Incidence and Prevalence of Sexual Aggression and Victimization in a National Sample of Higher Education Students},
  shorttitle = {The Scope of Rape},
  author = {Koss, Mary P. and Gidycz, Christine A. and Wisniewski, Nadine},
  year = {1987},
  journal = {Journal of Consulting and Clinical Psychology},
  volume = {55},
  number = {2},
  pages = {162--170},
  publisher = {{American Psychological Association}},
  address = {{US}},
  issn = {1939-2117(Electronic),0022-006X(Print)},
  doi = {10.1037/0022-006X.55.2.162}
}

@article{laws2003,
  title = {A Brief History of Behavioral and Cognitive Behavioral Approaches to Sexual Offenders: Part 1. Early Developments},
  shorttitle = {A Brief History of Behavioral and Cognitive Behavioral Approaches to Sexual Offenders},
  author = {Laws, D. R. and Marshall, W. L.},
  year = {2003},
  month = apr,
  journal = {Sexual Abuse: A Journal of Research and Treatment},
  volume = {15},
  number = {2},
  pages = {75--92},
  issn = {1573-286X},
  doi = {10.1023/A:1022325231175},
  language = {en}
}

@article{lemaire2016,
  title = {Labeling Sexual Victimization Experiences: The Role of Sexism, Rape Myth Acceptance, and Tolerance for Sexual Harassment},
  shorttitle = {Labeling Sexual Victimization Experiences},
  author = {LeMaire, Kelly L. and Oswald, Debra L. and Russell, Brenda L.},
  year = {2016},
  journal = {Violence and Victims},
  volume = {31},
  number = {2},
  pages = {332--346},
  issn = {0886-6708, 1945-7073},
  doi = {10.1891/0886-6708.vv-d-13-00148},
  language = {en}
}

@article{lonsway1994,
  title = {{{RAPE MYTHS}}. in Review},
  author = {Lonsway, Kimberly A. and Fitzgerald, Louise F.},
  year = {1994},
  journal = {Psychology of Women Quarterly},
  volume = {18},
  number = {2},
  pages = {133--164},
  issn = {1471-6402},
  doi = {10.1111/j.1471-6402.1994.tb00448.x},
  language = {en}
}

@article{mackenzie2017,
  title = {Sex Education: Challenges and Choices},
  shorttitle = {Sex Education},
  author = {MacKenzie, Alison and Hedge, Nicki and Enslin, Penny},
  year = {2017},
  month = jan,
  journal = {British Journal of Educational Studies},
  volume = {65},
  number = {1},
  pages = {27--44},
  publisher = {{Routledge}},
  issn = {0007-1005},
  doi = {10.1080/00071005.2016.1232363}
}

@article{maes2019,
  title = {\#(Me)Too Much? {{The}} Role of Sexualizing Online Media in Adolescents' Resistance towards the Metoo-Movement and Acceptance of Rape Myths},
  shorttitle = {\#(Me)Too Much?},
  author = {Maes, Chelly and Schreurs, Lara and {van Oosten}, Johanna M. F. and Vandenbosch, Laura},
  year = {2019},
  month = dec,
  journal = {Journal of Adolescence},
  volume = {77},
  pages = {59--69},
  issn = {0140-1971},
  doi = {10.1016/j.adolescence.2019.10.005},
  language = {en}
}

@incollection{marshall1993,
  title = {The Importance of Attachment Bonds in the Development of Juvenile Sex Offending.},
  booktitle = {The Juvenile Sex Offender.},
  author = {Marshall, William L. and Hudson, Stephen M. and Hodkinson, Sharon},
  year = {1993},
  pages = {164--181},
  publisher = {{Guilford Press}},
  address = {{New York,  NY,  US}},
  isbn = {0-89862-120-8 (Hardcover)}
}

@article{martini2021,
  title = {Assessing Rape Myth Acceptance: A Contribution to Italian Validation of the Measure for Assessing Subtle Rape Myth ({{SRMA-IT}})},
  shorttitle = {Assessing Rape Myth Acceptance},
  author = {Martini, Mara and Tartaglia, Stefano and De Piccoli, Norma},
  year = {2021},
  month = jun,
  journal = {Sexual Abuse},
  pages = {10790632211028158},
  publisher = {{SAGE Publications Inc; https://web.archive.org/web/20211207133037/https://journals.sagepub.com/doi/10.1177/10790632211028158}},
  issn = {1079-0632},
  doi = {10.1177/10790632211028158},
  language = {en}
}

@phdthesis{mccoy2020,
  title = {The Impact of Social Media Use on the Acceptance of Rape Myths and Subsequent Views on Sexuality},
  author = {McCoy, Elizabeth K.},
  year = {2020},
  language = {en},
  school = {Ohio Dominican University}
}

@article{mercer2013,
  title = {Changes in Sexual Attitudes and Lifestyles in Britain through the Life Course and over Time: Findings from the National Surveys of Sexual Attitudes and Lifestyles (Natsal)},
  shorttitle = {Changes in Sexual Attitudes and Lifestyles in Britain through the Life Course and over Time},
  author = {Mercer, Catherine H. and Tanton, Clare and Prah, Philip and Erens, Bob and Sonnenberg, Pam and Clifton, Soazig and Macdowall, Wendy and Lewis, Ruth and Field, Nigel and Datta, Jessica and Copas, Andrew J. and Phelps, Andrew and Wellings, Kaye and Johnson, Anne M.},
  year = {2013},
  month = nov,
  journal = {The Lancet},
  volume = {382},
  number = {9907},
  pages = {1781--1794},
  publisher = {{Elsevier}},
  issn = {0140-6736, 1474-547X},
  doi = {10.1016/S0140-6736(13)62035-8},
  language = {English},
  pmid = {24286784}
}

@misc{nationalopinionresearchcenter2014,
  title = {General Social Survey, 2000: Version 3},
  shorttitle = {General Social Survey, 2000},
  author = {National Opinion Research Center},
  year = {2014},
  publisher = {{ICPSR - Interuniversity Consortium for Political and Social Research}},
  doi = {10.3886/ICPSR35326.V3},
  language = {eng}
}

@article{newcombe2008,
  title = {Attributions of Responsibility for Rape: Differences across Familiarity of Situation, Gender, and Acceptance of Rape Myths1},
  shorttitle = {Attributions of Responsibility for Rape},
  author = {Newcombe, Peter A. and Van Den Eynde, Julie and Hafner, Diane and Jolly, Lesley},
  year = {2008},
  journal = {Journal of Applied Social Psychology},
  volume = {38},
  number = {7},
  pages = {1736--1754},
  issn = {1559-1816},
  doi = {10.1111/j.1559-1816.2008.00367.x},
  language = {en}
}

@article{nisar2021,
  title = {Ambivalent Sexism towards Women and Acceptance of Rape Myths among University Students},
  author = {Nisar, Sana and Zafar, Komal and Batool, Dr. Iram and Ishfaq, Mehwish and Fatima, Hira and Fatima, Kanwal and Arshad, Rida},
  year = {2021},
  month = feb,
  journal = {Saudi Journal of Humanities and Social Sciences},
  volume = {6},
  number = {2},
  pages = {90--95},
  issn = {24156256, 24156248},
  doi = {10.36348/sjhss.2021.v06i02.007}
}

@article{ohnishi2011,
  title = {Ceftriaxone-Resistant Neisseria Gonorrhoeae, Japan},
  author = {Ohnishi, Makoto and Saika, Takeshi and Hoshina, Shinji and Iwasaku, Kazuhiro and Nakayama, Shu-ichi and Watanabe, Haruo and Kitawaki, Jo},
  year = {2011},
  month = jan,
  journal = {Emerging Infectious Diseases},
  volume = {17},
  number = {1},
  pages = {148--149},
  issn = {1080-6040},
  doi = {10.3201/eid1701.100397},
  pmcid = {PMC3204624},
  pmid = {21192886}
}

@article{osorio2015,
  title = {Safe-Sex Belief and Sexual Risk Behaviours among Adolescents from Three Developing Countries: A Cross-Sectional Study},
  shorttitle = {Safe-Sex Belief and Sexual Risk Behaviours among Adolescents from Three Developing Countries},
  author = {Osorio, Alfonso and Burgo, Cristina Lopez-del and {Ruiz-Canela}, Miguel and Carlos, Silvia and de Irala, Jokin},
  year = {2015},
  month = apr,
  journal = {BMJ Open},
  volume = {5},
  number = {4},
  pages = {e007826},
  publisher = {{British Medical Journal Publishing Group}},
  issn = {2044-6055, 2044-6055},
  doi = {10.1136/bmjopen-2015-007826},
  chapter = {Sexual health},
  copyright = {Published by the BMJ Publishing Group Limited. For permission to use (where not already granted under a licence) please go to http://group.bmj.com/group/rights-licensing/permissions. This is an Open Access article distributed in accordance with the Creative Commons Attribution Non Commercial (CC BY-NC 4.0) license, which permits others to distribute, remix, adapt, build upon this work non-commercially, and license their derivative works on different terms, provided the original work is properly cited and the use is non-commercial. See: http://creativecommons.org/licenses/by-nc/4.0/},
  language = {en},
  pmid = {25916489}
}

@article{parent2015,
  title = {I Want Your Sex: The Role of Sexual Exploration in Fostering Positive Sexual Self-Concepts for Heterosexual and Sexual Minority Women.},
  shorttitle = {I Want Your Sex},
  author = {Parent, Mike C. and Talley, Amelia E. and Schwartz, Esther N. and Hancock, David W.},
  year = {2015},
  month = jun,
  journal = {Psychology of Sexual Orientation and Gender Diversity},
  volume = {2},
  number = {2},
  pages = {199--204},
  issn = {2329-0390, 2329-0382},
  doi = {10.1037/sgd0000097},
  language = {en}
}

@article{parsons2012,
  title = {Non-Monogamy and Sexual Relationship Quality among Same-Sex Male Couples},
  author = {Parsons, Jeffrey T. and Starks, Tyrel J. and Gamarel, Kristi E. and Grov, Christian},
  year = {2012},
  journal = {Journal of Family Psychology},
  volume = {26},
  number = {5},
  pages = {669--677},
  publisher = {{American Psychological Association}},
  address = {{US}},
  issn = {1939-1293},
  doi = {10.1037/a0029561}
}

@article{penke2008,
  title = {Beyond Global Sociosexual Orientations: A More Differentiated Look at Sociosexuality and Its Effects on Courtship and Romantic Relationships.},
  shorttitle = {Beyond Global Sociosexual Orientations},
  author = {Penke, Lars and Asendorpf, Jens B.},
  year = {2008},
  journal = {Journal of Personality and Social Psychology},
  volume = {95},
  number = {5},
  pages = {1113--1135},
  issn = {1939-1315, 0022-3514},
  doi = {10.1037/0022-3514.95.5.1113},
  language = {en}
}

@article{perse1994,
  title = {Uses of Erotica and Acceptance of Rape Myths},
  author = {PERSE, ELIZABETH M.},
  year = {1994},
  month = aug,
  journal = {Communication Research},
  volume = {21},
  number = {4},
  pages = {488--515},
  publisher = {{SAGE Publications Inc; https://web.archive.org/web/20211207034557/https://journals.sagepub.com/action/cookieAbsent}},
  issn = {0093-6502},
  doi = {10.1177/009365094021004003},
  language = {en}
}

@article{poeppl2016,
  title = {The Neural Basis of Sex Differences in Sexual Behavior: A Quantitative Meta-Analysis},
  shorttitle = {The Neural Basis of Sex Differences in Sexual Behavior},
  author = {Poeppl, Timm B. and Langguth, Berthold and Rupprecht, Rainer and Safron, Adam and Bzdok, Danilo and Laird, Angela R. and Eickhoff, Simon B.},
  year = {2016},
  month = oct,
  journal = {Frontiers in neuroendocrinology},
  volume = {43},
  pages = {28--43},
  issn = {0091-3022},
  doi = {10.1016/j.yfrne.2016.10.001},
  pmcid = {PMC5123903},
  pmid = {27742561}
}

@article{prokosch2021,
  title = {Investigating the Relationship between Olfactory Acuity, Disgust, and Mating Strategies},
  author = {Prokosch, Marjorie L. and Airington, Zachary and Murray, Damian R.},
  year = {2021},
  month = mar,
  journal = {Evolution and Human Behavior},
  volume = {42},
  number = {2},
  pages = {113--120},
  issn = {1090-5138},
  doi = {10.1016/j.evolhumbehav.2020.08.002},
  language = {en}
}

@article{publichealthengland2020,
  title = {Sexually Transmitted Infections and Screening for Chlamydia in England, 2020},
  author = {Public Health England},
  year = {2020},
  pages = {39},
  language = {en}
}

@techreport{publichealthscotland2020,
  title = {Genital Chlamydia and Gonorrhoea Infection in Scotland: Laboratory Diagnoses 2010-2019 - Genital Chlamydia and Gonorrhoea Infection in Scotland: Laboratory Diagnoses - Publications - Public Health Scotland},
  author = {Public Health Scotland},
  year = {2020}
}

@article{pulerwitz2000,
  title = {Measuring Sexual Relationships in {{HIV}}/{{STD}} Research},
  author = {Pulerwitz, Julie and Gortmaker, S and DeJong, William},
  year = {2000},
  journal = {Sex Roles},
  volume = {42},
  number = {7},
  pages = {637--660},
  doi = {10.1023/A:1007051506972}
}

@article{ratna2021,
  title = {Sexually Transmitted Infections and Screening for Chlamydia in England, 2020},
  author = {Ratna, N and Sonubi, T and Glancy, M and Sun, S and Harb, A and Checchi, M and Milbourn, H and Dunn, J and Sinka, K and Folkard, K and Mohammed, H and {contributors}},
  year = {2021},
  month = sep,
  journal = {Public Health England, London},
  language = {en}
}

@article{roberts2013,
  title = {Humans Are Dunnocks, Not Peacocks: On Cause and Consequence of Variation in Human Mating Strategies},
  shorttitle = {Humans Are Dunnocks, Not Peacocks},
  author = {Roberts, S. Craig and Havl{\'i}{\v c}ek, Jan},
  year = {2013},
  month = jul,
  journal = {Psychological Inquiry},
  volume = {24},
  number = {3},
  pages = {231--236},
  publisher = {{Routledge}},
  issn = {1047-840X},
  doi = {10.1080/1047840x.2013.817299}
}

@article{rodrigueznieto2019,
  title = {The Role of Inhibitory Control Mechanisms in the Regulation of Sexual Behavior},
  author = {{Rodriguez-Nieto}, Geraldine and Emmerling, Franziska and Dewitte, Marieke and Sack, Alexander T. and Schuhmann, Teresa},
  year = {2019},
  month = feb,
  journal = {Archives of Sexual Behavior},
  volume = {48},
  number = {2},
  pages = {481--494},
  issn = {1573-2800},
  doi = {10.1007/s10508-018-1283-7},
  language = {en}
}

@article{rolison2019,
  title = {How Much Risk Can You Stomach? {{Individual}} Differences in the Tolerance of Perceived Risk across Gender and Risk Domain},
  shorttitle = {How Much Risk Can You Stomach?},
  author = {Rolison, Jonathan and Shenton, Jeordie},
  year = {2019},
  month = jul,
  journal = {Journal of Behavioral Decision Making},
  publisher = {{Wiley}},
  issn = {0894-3257},
  doi = {10.1002/bdm.2144},
  language = {en}
}

@article{russell2013,
  title = {Friends with Benefits, but without the Sex: Straight Women and Gay Men Exchange Trustworthy Mating Advice},
  shorttitle = {Friends with Benefits, but without the Sex},
  author = {Russell, Eric M. and DelPriore, Danielle J. and Butterfield, Max E. and Hill, Sarah E.},
  year = {2013},
  month = jan,
  journal = {Evolutionary Psychology},
  volume = {11},
  number = {1},
  pages = {147470491301100113},
  publisher = {{SAGE Publications Inc; https://web.archive.org/web/20211126113602/http://journals.sagepub.com/doi/10.1177/147470491301100113}},
  issn = {1474-7049},
  doi = {10.1177/147470491301100113},
  language = {en}
}

@article{russock2011,
  title = {An Evolutionary Interpretation of the Effect of Gender and Sexual Orientation on Human Mate Selection Preferences, as Indicated by an Analysis of Personal Advertisements},
  author = {Russock, Howard I.},
  year = {2011},
  journal = {Behaviour},
  volume = {148},
  number = {3},
  pages = {307--323},
  publisher = {{BRILL}},
  issn = {0005-7959},
  doi = {10.1163/000579511x556600}
}

@book{scotland2014,
  title = {Conduct of Relationships, Sexual Health and Parenthood Education in Schools},
  author = {{Scotland} and {Learning Directorate} and {Strategy and Performance Division} and {Scotland} and {Scottish Government}},
  year = {2014},
  isbn = {978-1-78412-941-5},
  language = {English}
}

@incollection{scott-sheldon2013,
  title = {The Sexual Health of Adolescents},
  booktitle = {Handbook of {{Child}} and {{Adolescent Sexuality}}},
  author = {{Scott-Sheldon}, Lori A.J. and Johnson, Blair T.},
  year = {2013},
  pages = {221--251},
  publisher = {{Elsevier}},
  doi = {10.1016/B978-0-12-387759-8.00009-X},
  isbn = {978-0-12-387759-8},
  language = {en}
}

@article{shannon2018,
  title = {The Growing Epidemic of Sexually Transmitted Infections in Adolescents: A Neglected Population},
  shorttitle = {The Growing Epidemic of Sexually Transmitted Infections in Adolescents},
  author = {Shannon, Chelsea L. and Klausner, Jeffrey D.},
  year = {2018},
  month = feb,
  journal = {Current Opinion in Pediatrics},
  volume = {30},
  number = {1},
  pages = {137--143},
  issn = {1040-8703},
  doi = {10.1097/MOP.0000000000000578},
  language = {en}
}

@article{shechorybitton2020,
  title = {``It Can't Be Rape'': Female vs. Male Rape Myths among Israeli Police Officers},
  shorttitle = {``It Can't Be Rape''},
  author = {Shechory Bitton, Mally and Jaeger, Lea},
  year = {2020},
  month = dec,
  journal = {Journal of Police and Criminal Psychology},
  volume = {35},
  number = {4},
  pages = {494--503},
  issn = {1936-6469},
  doi = {10.1007/s11896-019-09327-4},
  language = {en}
}

@article{silva2019,
  title = {Straight Identity and Same-Sex Desire: Conservatism, Homophobia, and Straight Culture},
  shorttitle = {Straight Identity and Same-Sex Desire},
  author = {Silva, Tony J},
  year = {2019},
  month = mar,
  journal = {Social Forces},
  volume = {97},
  number = {3},
  pages = {1067--1094},
  issn = {0037-7732},
  doi = {10.1093/sf/soy064}
}

@article{snell1989,
  title = {The Sexuality Scale: An Instrument to Measure Sexual-Esteem, Sexual-Depression, and Sexual-Preoccupation},
  shorttitle = {The Sexuality Scale},
  author = {Snell, William E. and Papini, Dennis R.},
  year = {1989},
  journal = {The Journal of Sex Research},
  volume = {26},
  number = {2},
  pages = {256--263},
  publisher = {{Taylor \& Francis, Ltd.}},
  issn = {0022-4499},
  doi = {10.1080/00224498909551510}
}

@article{sprecher1998,
  title = {Social Exchange Theories and Sexuality},
  author = {Sprecher, Susan},
  year = {1998},
  month = jan,
  journal = {The Journal of Sex Research},
  volume = {35},
  number = {1},
  pages = {32--43},
  publisher = {{Taylor \& Francis}},
  issn = {0022-4499},
  doi = {10.1080/00224499809551915}
}

@incollection{sprecher2004,
  title = {Sexual Satisfaction and Sexual Expression as Predictors of Relationship Satisfaction and Stability},
  booktitle = {The {{Handbook}} of {{Sexuality}} in {{Close Relationships}}},
  author = {Sprecher, Susan and Cate, Rodney M.},
  year = {2004},
  publisher = {{Psychology Press}},
  isbn = {978-1-4106-1024-9}
}

@article{struckman-johnson1992,
  title = {Acceptance of Male Rape Myths among College Men and Women},
  author = {{Struckman-Johnson}, Cindy and {Struckman-Johnson}, David},
  year = {1992},
  month = aug,
  journal = {Sex Roles},
  volume = {27},
  number = {3},
  pages = {85--100},
  issn = {1573-2762},
  doi = {10.1007/bf00290011},
  language = {en}
}

@article{testa2015,
  title = {Measuring Sexual Aggression Perpetration in College Men: A Comparison of Two Measures},
  shorttitle = {Measuring Sexual Aggression Perpetration in College Men},
  author = {Testa, Maria and Hoffman, Joseph H. and Lucke, Joseph F. and Pagnan, Colleen E.},
  year = {2015},
  month = jul,
  journal = {Psychology of Violence},
  volume = {5},
  number = {3},
  pages = {285--293},
  issn = {2152-0828},
  doi = {10.1037/a0037584},
  language = {eng},
  pmcid = {PMC4564114},
  pmid = {26366321}
}

@article{tooke1991,
  title = {Patterns of Deception in Intersexual and Intrasexual Mating Strategies},
  author = {Tooke, William and Camire, Lori},
  year = {1991},
  month = sep,
  journal = {Ethology and Sociobiology},
  volume = {12},
  number = {5},
  pages = {345--364},
  issn = {0162-3095},
  doi = {10/bps539},
  language = {en}
}

@article{tuoyire2018,
  title = {Timing of First Sexual Intercourse and Number of Lifetime Sexual Partners in Sub-Saharan Africa},
  author = {Tuoyire, Derek Anamaale and Anku, Prince Justin and Alidu, Laila and {Amo-Adjei}, Joshua},
  year = {2018},
  month = jun,
  journal = {Sexuality \& Culture},
  volume = {22},
  number = {2},
  pages = {651--668},
  issn = {1936-4822},
  doi = {10.1007/s12119-017-9488-9},
  language = {en}
}

@techreport{unaids2021,
  title = {Global {{HIV}} \& {{AIDS}} Statistics \textemdash{} 2019 Fact Sheet},
  author = {{UNAIDS}},
  year = {2021},
  number = {2021},
  language = {en}
}

@book{unesco2015,
  title = {Emerging Evidence, Lessons and Practice in Comprehensive Sexuality Education: A Global Review 2015.},
  shorttitle = {Emerging Evidence, Lessons and Practice in Comprehensive Sexuality Education},
  author = {{Unesco}},
  year = {2015},
  isbn = {978-92-3-100139-0},
  language = {English}
}

@article{walfield2021,
  title = {``Men Cannot Be Raped'': Correlates of Male Rape Myth Acceptance},
  shorttitle = {``Men Cannot Be Raped''},
  author = {Walfield, Scott M.},
  year = {2021},
  month = jul,
  journal = {Journal of Interpersonal Violence},
  volume = {36},
  number = {13-14},
  pages = {6391--6417},
  publisher = {{SAGE Publications Inc; https://web.archive.org/web/20211207133521/http://journals.sagepub.com/doi/10.1177/0886260518817777}},
  issn = {0886-2605},
  doi = {10.1177/0886260518817777},
  language = {en}
}

@article{walker1993,
  title = {Authoritarianism and Sexual Aggression.},
  author = {Walker, William D. and Rowe, Robert C. and Quinsey, Vernon L.},
  year = {1993},
  journal = {Journal of Personality and Social Psychology},
  volume = {65},
  number = {5},
  pages = {1036--1045},
  issn = {1939-1315, 0022-3514},
  doi = {10.1037/0022-3514.65.5.1036},
  language = {en}
}

@article{williams2015,
  title = {Pupils with Learning Difficulties Are Being Denied Their Right to Sex Education},
  author = {Williams, Rachel},
  year = {2015},
  month = mar,
  journal = {The Guardian},
  issn = {0261-3077},
  chapter = {Education},
  language = {en-GB}
}

@article{wlodarski2015,
  title = {The Relationship between Cognitive and Affective Empathy and Human Mating Strategies},
  author = {Wlodarski, Rafael},
  year = {2015},
  month = dec,
  journal = {Evolutionary Psychological Science},
  volume = {1},
  number = {4},
  pages = {232--240},
  issn = {2198-9885},
  doi = {10.1007/s40806-015-0027-3},
  language = {en}
}

@techreport{worldhealthorganization.regionalofficeforsouth-eastasia2022,
  title = {Governing Body Matters: Key Issues Arising out of the Seventy-Fifth World Health Assembly and the 150th and 151st Sessions of the {{WHO}} Executive Board},
  shorttitle = {Governing Body Matters},
  author = {{World Health Organization. Regional Office for South-East Asia}},
  year = {2022},
  address = {{New Delhi}},
  institution = {{World Health Organization. Regional Office for South-East Asia}},
  language = {en}
}

@book{worldhealthorganization.regionalofficeforsouth-eastasia2022a,
  title = {Integrated Regional Action Plan for Viral Hepatitis, {{HIV}} and Sexually Transmitted Infections in South-East Asia, 2022\textendash 2026},
  author = {{World Health Organization. Regional Office for South-East Asia}},
  year = {2022},
  publisher = {{World Health Organization. Regional Office for South-East Asia}},
  address = {{New Delhi}},
  isbn = {978-92-9020-968-3},
  language = {en}
}

@book{worldhealthorganization2018,
  title = {Report on Global Sexually Transmitted Infection Surveillance. 2018},
  author = {World Health Organization},
  year = {2018},
  publisher = {{WHO}},
  isbn = {978-92-4-156569-1},
  language = {English}
}

@book{worldhealthorganization2022,
  title = {Global Health Sector Strategies on, Respectively, {{HIV}}, Viral Hepatitis and Sexually Transmitted Infections for the Period 2022-2030},
  author = {{World Health Organization}},
  year = {2022},
  publisher = {{World Health Organization}},
  address = {{Geneva}},
  chapter = {v, 125 p.},
  isbn = {978-92-4-005377-9},
  language = {en}
}

@article{worthen2021,
  title = {Rape Myth Acceptance among Lesbian, Gay, Bisexual, and Mostly Heterosexual College Students},
  author = {Worthen, Meredith G. F.},
  year = {2021},
  month = jan,
  journal = {Journal of Interpersonal Violence},
  volume = {36},
  number = {1-2},
  pages = {NP232-NP262},
  publisher = {{SAGE Publications Inc; https://web.archive.org/web/20211207134003/https://journals.sagepub.com/doi/10.1177/0886260517733282}},
  issn = {0886-2605},
  doi = {10.1177/0886260517733282},
  language = {en}
}

@article{yeater2010,
  title = {Cognitive Processes Underlying Women's Risk Judgments: Associations with Sexual Victimization History and Rape Myth Acceptance.},
  shorttitle = {Cognitive Processes Underlying Women's Risk Judgments},
  author = {Yeater, Elizabeth A. and Treat, Teresa A. and Viken, Richard J. and McFall, Richard M.},
  year = {2010},
  journal = {Journal of Consulting and Clinical Psychology},
  volume = {78},
  number = {3},
  pages = {375--386},
  issn = {1939-2117, 0022-006X},
  doi = {10.1037/a0019297},
  language = {en}
}

@article{young2007,
  title = {Potential Moral Stigma and Reactions to Sexually Transmitted Diseases: Evidence for a Disjunction Fallacy},
  shorttitle = {Potential Moral Stigma and Reactions to Sexually Transmitted Diseases},
  author = {Young, Sean D. and Nussbaum, A. David and Monin, Beno{\^i}t},
  year = {2007},
  month = jun,
  journal = {Personality and Social Psychology Bulletin},
  volume = {33},
  number = {6},
  pages = {789--799},
  issn = {0146-1672, 1552-7433},
  doi = {10.1177/0146167207301027},
  language = {en}
}

@misc{zotero-476,
  title = {Our History - 30 Years of Campaigning | Sexeducationforum.Org.Uk},
  howpublished = {https://www.sexeducationforum.org.uk/about/our-history-30-years-campaigning}
}

