@article{ames2006,
  title = {The {{NPI-16}} as a Short Measure of Narcissism},
  author = {Ames, Daniel R. and Rose, Paul and Anderson, Cameron P.},
  year = {2006},
  month = aug,
  journal = {Journal of Research in Personality},
  volume = {40},
  number = {4},
  pages = {440--450},
  issn = {00926566},
  doi = {10.1016/j.jrp.2005.03.002},
  language = {en}
}

@article{currie2004,
  title = {The Short Internalized Homonegativity Scale: Examination of the Factorial Structure of a New Measure of Internalized Homophobia},
  shorttitle = {The Short Internalized Homonegativity Scale},
  author = {Currie, Matthew R. and Cunningham, Everarda G. and Findlay, Bruce M.},
  year = {2004},
  month = dec,
  journal = {Educational and Psychological Measurement},
  volume = {64},
  number = {6},
  pages = {1053--1067},
  publisher = {{SAGE Publications Inc}},
  issn = {0013-1644},
  doi = {10.1177/0013164404264845}
}

@article{marcus2014,
  title = {The Psychology of Spite and the Measurement of Spitefulness.},
  author = {Marcus, David K. and {Zeigler-Hill}, Virgil and Mercer, Sterett H. and Norris, Alyssa L.},
  year = {2014},
  journal = {Psychological Assessment},
  volume = {26},
  number = {2},
  pages = {563--574},
  issn = {1939-134X, 1040-3590},
  doi = {10.1037/a0036039},
  language = {en}
}

@article{pincus2009,
  title = {Initial Construction and Validation of the Pathological Narcissism Inventory.},
  author = {Pincus, Aaron L. and Ansell, Emily B. and Pimentel, Claudia A. and Cain, Nicole M. and Wright, Aidan G. C. and Levy, Kenneth N.},
  year = {2009},
  month = sep,
  journal = {Psychological Assessment},
  volume = {21},
  number = {3},
  pages = {365--379},
  issn = {1939-134X, 1040-3590},
  doi = {10.1037/a0016530},
  language = {en}
}

@article{schoenleber2015,
  title = {Development of a Brief Version of the Pathological Narcissism Inventory.},
  author = {Schoenleber, Michelle and Roche, Michael J. and Wetzel, Eunike and Pincus, Aaron L. and Roberts, Brent W.},
  year = {2015},
  month = dec,
  journal = {Psychological Assessment},
  volume = {27},
  number = {4},
  pages = {1520--1526},
  issn = {1939-134X, 1040-3590},
  doi = {10.1037/pas0000158},
  language = {en}
}

