@article{abelson1981,
  title = {Psychological Status of the Script Concept.},
  author = {Abelson, Robert P.},
  year = {1981},
  journal = {American Psychologist},
  volume = {36},
  number = {7},
  pages = {715--729},
  issn = {0003-066X},
  doi = {10.1037/0003-066X.36.7.715},
  language = {en}
}

@article{allen2017,
  title = {Problematic Internet Pornography Use: The Role of Craving, Desire Thinking, and Metacognition},
  shorttitle = {Problematic Internet Pornography Use},
  author = {Allen, Andrew and {Kannis-Dymand}, Lee and Katsikitis, Mary},
  year = {2017},
  month = jul,
  journal = {Addictive Behaviors},
  volume = {70},
  pages = {65--71},
  issn = {0306-4603},
  doi = {10.1016/j.addbeh.2017.02.001},
  language = {en}
}

@inproceedings{andersen1994,
  title = {Women's Sexual Self-Schema.},
  author = {Andersen, Barbara L. and Cyranowski, Jill M. and Espindle, Derek},
  year = {1994},
  doi = {10.1037/0022-3514.67.6.1079}
}

@article{andersen1999,
  title = {Men's Sexual Self-Schema.},
  author = {Andersen, Barbara L. and Cyranowski, Jill M. and Espindle, Derek},
  year = {1999},
  journal = {Journal of Personality and Social Psychology},
  volume = {76},
  number = {4},
  pages = {645--661},
  issn = {1939-1315, 0022-3514},
  doi = {10.1037/0022-3514.76.4.645},
  language = {en}
}

@article{anderson2002,
  title = {Human Aggression},
  author = {Anderson, Craig A. and Bushman, Brad J.},
  year = {2002},
  journal = {Annual Review of Psychology},
  volume = {53},
  number = {1},
  pages = {27--51},
  doi = {10.1146/annurev.psych.53.100901.135231},
  pmid = {11752478}
}

@article{astington2004,
  title = {Bridging the Gap between Theory of Mind and Moral Reasoning},
  author = {Astington, Janet Wilde},
  year = {2004},
  journal = {New Directions for Child and Adolescent Development},
  volume = {2004},
  number = {103},
  pages = {63--72},
  issn = {1534-8687},
  doi = {10.1002/cd.98},
  copyright = {Copyright \textcopyright{} 2004 Wiley Periodicals, Inc.},
  language = {en}
}

@article{atkinson2021,
  title = {Can Valuable Information Be Prioritized in Verbal Working Memory?},
  author = {Atkinson, Amy L. and Allen, Richard J. and Baddeley, Alan D. and Hitch, Graham J. and Waterman, Amanda H.},
  year = {2021},
  journal = {Journal of Experimental Psychology: Learning, Memory, and Cognition},
  volume = {47},
  number = {5},
  pages = {747--764},
  publisher = {{American Psychological Association}},
  address = {{US}},
  issn = {1939-1285(Electronic),0278-7393(Print)},
  doi = {10.1037/xlm0000979}
}

@article{barnett2013,
  title = {Cognition, Empathy, and Sexual Offending},
  author = {Barnett, Georgia D. and Mann, Ruth E.},
  year = {2013},
  month = jan,
  journal = {Trauma, Violence, \& Abuse},
  volume = {14},
  number = {1},
  pages = {22--33},
  issn = {1524-8380},
  doi = {10.1177/1524838012467857},
  language = {en}
}

@book{beran2013,
  title = {Foundations of Metacognition},
  author = {Beran, Michael J.},
  year = {2013},
  publisher = {{University Press}},
  address = {{Oxford}},
  isbn = {978-0-19-174586-7},
  language = {eng}
}

@article{bob2016,
  title = {Conscious Brain, Metacognition and Schizophrenia},
  author = {Bob, Petr and Pec, Ondrej and Mishara, Aaron L. and Touskova, Tereza and Lysaker, Paul H.},
  year = {2016},
  month = jul,
  journal = {International Journal of Psychophysiology},
  volume = {105},
  pages = {1--8},
  issn = {01678760},
  doi = {10.1016/j.ijpsycho.2016.05.003},
  language = {en}
}

@article{burton1999,
  title = {An Examination of Social Cognitive Theory with Differences among Sexually Aggressive, Physically Aggressive and Nonaggressive Children in State Care},
  author = {Burton, D. L.},
  year = {1999},
  journal = {Violence and Victims},
  volume = {14},
  number = {2},
  pages = {161--178},
  issn = {0886-6708},
  language = {eng},
  pmid = {10418769}
}

@article{byom2013,
  title = {Theory of Mind: Mechanisms, Methods, and New Directions},
  shorttitle = {Theory of Mind},
  author = {Byom, Lindsey J. and Mutlu, Bilge},
  year = {2013},
  month = aug,
  journal = {Frontiers in Human Neuroscience},
  volume = {7},
  issn = {1662-5161},
  doi = {10.3389/fnhum.2013.00413},
  pmcid = {PMC3737477},
  pmid = {23964218}
}

@article{castellino2011,
  title = {Mindreading Abilities in Sexual Offenders: An Analysis of Theory of Mind Processes},
  shorttitle = {Mindreading Abilities in Sexual Offenders},
  author = {Castellino, Nicoletta and Bosco, Francesca M. and Marshall, William L. and Marshall, Liam E. and Veglia, Fabio},
  year = {2011},
  month = dec,
  journal = {Consciousness and Cognition},
  series = {From {{Dreams}} to {{Psychosis}}: {{A European Science Foundation Exploratory Workshop}}},
  volume = {20},
  number = {4},
  pages = {1612--1624},
  issn = {1053-8100},
  doi = {10.1016/j.concog.2011.08.011},
  language = {en}
}

@article{castrovazquez2000,
  title = {Masculinity and Condom Use among Mexican Teenagers: The Escuela Nacional Preparatoria No. 1's Case},
  shorttitle = {Masculinity and Condom Use among Mexican Teenagers},
  author = {{Castro-V{\'a}zquez}, Genaro},
  year = {2000},
  month = dec,
  journal = {Gender and Education},
  volume = {12},
  number = {4},
  pages = {479--492},
  issn = {0954-0253, 1360-0516},
  doi = {10.1080/09540250020004117},
  language = {en}
}

@article{chen2021,
  title = {Decision Heuristics and Descriptive Choice Models for Sequential High-Stakes Risky Choices in the Deal or No Deal Game},
  author = {Chen, Zhiqin and John, Richard S.},
  year = {2021},
  journal = {Decision},
  volume = {8},
  number = {3},
  pages = {155--179},
  publisher = {{Educational Publishing Foundation}},
  address = {{US}},
  issn = {2325-9973(Electronic),2325-9965(Print)},
  doi = {10.1037/dec0000153}
}

@article{chiew2022,
  title = {Remembering Election Night 2016: Subjective but Not Objective Metrics of Autobiographical Memory Vary with Political Affiliation, Affective Valence, and Surprise},
  shorttitle = {Remembering Election Night 2016},
  author = {Chiew, Kimberly S. and Harris, Bailey B. and Adcock, R. Alison},
  year = {2022},
  journal = {Journal of Experimental Psychology: General},
  volume = {151},
  number = {2},
  pages = {390--409},
  publisher = {{American Psychological Association}},
  address = {{US}},
  issn = {1939-2222},
  doi = {10.1037/xge0001080}
}

@article{clark1991,
  title = {Dual Coding Theory and Education},
  author = {Clark, James M. and Paivio, Allan},
  year = {1991},
  journal = {Educational Psychology Review},
  volume = {3},
  number = {3},
  pages = {149--210},
  publisher = {{Springer}},
  address = {{Germany}},
  issn = {1573-336X(Electronic),1040-726X(Print)},
  doi = {10.1007/BF01320076}
}

@article{coulehan2014,
  title = {The Role of Decision-Making Ability in {{HIV}}/{{AIDS}}: Impact on Prospective Memory},
  shorttitle = {The Role of Decision-Making Ability in {{HIV}}/{{AIDS}}},
  author = {Coulehan, Kelly and Byrd, Desiree and Arentoft, Alyssa and Monzones, Jennifer and Fuentes, Armando and Fraser, Felicia and Rosario, Ana and Morgello, Susan and Mindt, Monica Rivera},
  year = {2014},
  month = aug,
  journal = {Journal of Clinical and Experimental Neuropsychology},
  volume = {36},
  number = {7},
  pages = {730--741},
  issn = {1380-3395, 1744-411X},
  doi = {10.1080/13803395.2014.935705},
  language = {en}
}

@article{crandall2017,
  title = {Family Financial Stress and Adolescent Sexual Risk-Taking: The Role of Self-Regulation},
  shorttitle = {Family Financial Stress and Adolescent Sexual Risk-Taking},
  author = {Crandall, AliceAnn and Magnusson, Brianna and Novilla, M. and Novilla, Lynneth Kirsten B. and Dyer, W.},
  year = {2017},
  journal = {Journal of Youth and Adolescence},
  volume = {46},
  number = {1},
  pages = {45--62},
  issn = {0047-2891},
  doi = {10.1007/s10964-016-0543-x},
  language = {eng}
}

@article{crandall2018,
  title = {Growth in Adolescent Self-Regulation and Impact on Sexual Risk-Taking: A Curve-of-Factors Analysis},
  shorttitle = {Growth in Adolescent Self-Regulation and Impact on Sexual Risk-Taking},
  author = {Crandall, AliceAnn and Magnusson, Brianna and Novilla, M.},
  year = {2018},
  journal = {Journal of Youth and Adolescence},
  volume = {47},
  number = {4},
  pages = {793--806},
  issn = {0047-2891},
  doi = {10.1007/s10964-017-0706-4},
  language = {eng}
}

@article{crick1994,
  title = {A Review and Reformulation of Social Information-Processing Mechanisms in Children's Social Adjustment.},
  author = {Crick, Nicki R. and Dodge, Kenneth A.},
  year = {1994},
  journal = {Psychological Bulletin},
  volume = {115},
  number = {1},
  pages = {74--101},
  issn = {1939-1455(Electronic),0033-2909(Print)},
  doi = {10.1037/0033-2909.115.1.74}
}

@article{crick1996,
  title = {Social Information-Processing Mechanisms in Reactive and Proactive Aggression},
  author = {Crick, Nicki R. and Dodge, Kenneth A.},
  year = {1996},
  journal = {Child Development},
  volume = {67},
  number = {3},
  pages = {993--1002},
  issn = {0009-3920},
  doi = {10.2307/1131875}
}

@article{crockett2006,
  title = {Linking Self-Regulation and Risk Proneness to Risky Sexual Behavior: Pathways through Peer Pressure and Early Substance Use},
  shorttitle = {Linking Self-Regulation and Risk Proneness to Risky Sexual Behavior},
  author = {Crockett, Lisa J. and Raffaelli, Marcela and Shen, Yuh-Ling},
  year = {2006},
  month = dec,
  journal = {Journal of Research on Adolescence},
  volume = {16},
  number = {4},
  pages = {503--525},
  issn = {1050-8392, 1532-7795},
  doi = {10.1111/j.1532-7795.2006.00505.x},
  language = {en}
}

@article{cyranowski1999,
  title = {The Role of Sexual Self-Schema in a Diathesis\textendash Stress Model of Sexual Dysfunction},
  author = {CYRANOWSKI, JILL M. and AARESTAD, SUSAN L. and ANDERSEN, BARBARA L.},
  year = {1999},
  journal = {Applied \& preventive psychology : journal of the American Association of Applied and Preventive Psychology},
  volume = {8},
  number = {3},
  pages = {217--228},
  issn = {0962-1849},
  doi = {10.1016/S0962-1849(05)80078-2},
  pmcid = {PMC2706507},
  pmid = {19587834}
}

@article{dimaggio1997,
  title = {Culture and Cognition},
  author = {DiMaggio, Paul},
  year = {1997},
  month = aug,
  journal = {Annual Review of Sociology},
  volume = {23},
  number = {1},
  pages = {263--287},
  issn = {0360-0572},
  doi = {10.1146/annurev.soc.23.1.263}
}

@book{dunlosky2008,
  title = {Handbook of Metamemory and Memory},
  author = {Dunlosky, John and Bjork, Robert A.},
  year = {2008},
  publisher = {{Taylor \& Francis}},
  googlebooks = {YW0So8Cc9NwC},
  isbn = {978-0-8058-6214-0},
  language = {en}
}

@article{elder2012,
  title = {Sexual Self-Schemas of Heterosexual Men.},
  author = {Elder, William B. and Brooks, Gary R. and Morrow, Susan L.},
  year = {2012},
  month = apr,
  journal = {Psychology of Men \& Masculinity},
  volume = {13},
  number = {2},
  pages = {166--179},
  issn = {1939-151X, 1524-9220},
  doi = {10.1037/a0024835},
  language = {en}
}

@article{elder2015,
  title = {Sexual Self-Schemas of Bisexual Men: A Qualitative Investigation},
  shorttitle = {Sexual Self-Schemas of Bisexual Men},
  author = {Elder, William B. and Morrow, Susan L. and Brooks, Gary R.},
  year = {2015},
  month = oct,
  journal = {The Counseling Psychologist},
  volume = {43},
  number = {7},
  pages = {970--1007},
  issn = {0011-0000, 1552-3861},
  doi = {10.1177/0011000015608242},
  language = {en}
}

@article{elder2015a,
  title = {Sexual Self-Schemas of Gay Men: A Qualitative Investigation},
  shorttitle = {Sexual Self-Schemas of Gay Men},
  author = {Elder, William B. and Morrow, Susan L. and Brooks, Gary R.},
  year = {2015},
  month = oct,
  journal = {The Counseling Psychologist},
  volume = {43},
  number = {7},
  pages = {942--969},
  issn = {0011-0000, 1552-3861},
  doi = {10.1177/0011000015606222},
  language = {en}
}

@article{fadda2016,
  title = {Exploring the Role of Theory of Mind in Moral Judgment: The Case of Children with Autism Spectrum Disorder},
  shorttitle = {Exploring the Role of Theory of Mind in Moral Judgment},
  author = {Fadda, Roberta and Parisi, Marinella and Ferretti, Luca and Saba, Gessica and Foscoliano, Maria and Salvago, Azzurra and Doneddu, Giuseppe},
  year = {2016},
  month = apr,
  journal = {Frontiers in Psychology},
  volume = {7},
  issn = {1664-1078},
  doi = {10.3389/fpsyg.2016.00523},
  pmcid = {PMC4834434},
  pmid = {27148131}
}

@book{festinger1957,
  title = {A Theory of Cognitive Dissonance},
  author = {Festinger, Leon},
  year = {1957},
  series = {A Theory of Cognitive Dissonance},
  pages = {xi, 291},
  publisher = {{Stanford University Press}},
  isbn = {978-0-8047-0131-0 978-0-8047-0911-8}
}

@article{finley2014,
  title = {Metacognition of Multitasking: How Well Do We Predict the Costs of Divided Attention?},
  shorttitle = {Metacognition of Multitasking},
  author = {Finley, Jason R. and Benjamin, Aaron S. and McCarley, Jason S.},
  year = {2014},
  journal = {Journal of Experimental Psychology: Applied},
  volume = {20},
  number = {2},
  pages = {158--165},
  issn = {1939-2192(Electronic),1076-898X(Print)},
  doi = {10.1037/xap0000010}
}

@article{finucane2000,
  title = {The Affect Heuristic in Judgments of Risks and Benefits},
  author = {Finucane, Melissa L. and Alhakami, Ali and Slovic, Paul and Johnson, Stephen M.},
  year = {2000},
  journal = {Journal of Behavioral Decision Making},
  volume = {13},
  number = {1},
  pages = {1--17},
  issn = {1099-0771},
  doi = {10.1002/(SICI)1099-0771(200001/03)13:1<1::AID-BDM333>3.0.CO;2-S},
  copyright = {Copyright \textcopyright{} 2000 John Wiley \& Sons, Ltd.},
  language = {en}
}

@article{fisher1998,
  title = {Thinking about Thinking: Developing Metacognition in Children},
  shorttitle = {Thinking about Thinking},
  author = {Fisher, Robert},
  year = {1998},
  month = jan,
  journal = {Early Child Development and Care},
  volume = {141},
  number = {1},
  pages = {1--15},
  issn = {0300-4430},
  doi = {10.1080/0300443981410101}
}

@book{flavell2001,
  title = {Cognitive Development},
  author = {Flavell, John H. and Miller, Patricia H. and Miller, Scott A.},
  year = {2001},
  month = jun,
  edition = {4 edition},
  publisher = {{Pearson}},
  address = {{Upper Saddle River, N.J}},
  isbn = {978-0-13-791575-0},
  language = {English}
}

@article{fleming2012,
  title = {Prefrontal Contributions to Metacognition in Perceptual Decision Making},
  author = {Fleming, S. M. and Huijgen, J. and Dolan, Rj},
  year = {2012},
  journal = {Journal Of Neuroscience},
  volume = {32},
  number = {18},
  pages = {6117--6125},
  issn = {0270-6474},
  doi = {10.1523/JNEUROSCI.6489-11.2012},
  language = {English}
}

@article{gannon2009,
  title = {Social Cognition in Violent and Sexual Offending: An Overview},
  shorttitle = {Social Cognition in Violent and Sexual Offending},
  author = {Gannon, Theresa A.},
  year = {2009},
  month = feb,
  journal = {Psychology, Crime \& Law},
  volume = {15},
  number = {2-3},
  pages = {97--118},
  issn = {1068-316X},
  doi = {10.1080/10683160802190822}
}

@article{graham2000,
  title = {Probing for Relevance: What Metacognition Tells Us about the Power of Consciousness},
  shorttitle = {Probing for Relevance},
  author = {Graham, George and Neisser, Joseph},
  year = {2000},
  month = jun,
  journal = {Consciousness and Cognition},
  volume = {9},
  number = {2},
  pages = {172--177},
  issn = {10538100},
  doi = {10.1006/ccog.2000.0434},
  language = {en}
}

@article{haller1988,
  title = {Can Comprehension Be Taught?: A Quantitative Synthesis of ``Metacognitive'' Studies},
  shorttitle = {Can Comprehension Be Taught?},
  author = {Haller, Eileen P. and Child, David A. and Walberg, Herbert J.},
  year = {1988},
  month = dec,
  journal = {Educational Researcher},
  volume = {17},
  number = {9},
  pages = {5--8},
  issn = {0013-189X, 1935-102X},
  doi = {10.3102/0013189X017009005},
  language = {en}
}

@article{hao2016,
  title = {A Mind-Reader Does Not Always Have Deontological Moral Judgments and Prosocial Behavior: A Developmental Perspective},
  shorttitle = {A Mind-Reader Does Not Always Have Deontological Moral Judgments and Prosocial Behavior},
  author = {Hao, Jian and Liu, Yanchun},
  year = {2016},
  journal = {Frontiers in Psychology},
  volume = {7},
  issn = {1664-1078},
  doi = {10.3389/fpsyg.2016.01261},
  language = {English}
}

@article{hertz2018,
  title = {Stochastic Satisficing Account of Confidence in Uncertain Value-Based Decisions.(Research Article)},
  author = {Hertz, Uri and Bahrami, Bahador and Keramati, Mehdi},
  year = {2018},
  journal = {PLoS ONE},
  volume = {13},
  number = {4},
  pages = {e0195399},
  issn = {1932-6203},
  doi = {10.1371/journal.pone.0195399},
  language = {English}
}

@article{hill2007,
  title = {Differences and Similarities in Men's and Women's Sexual Self-Schemas},
  author = {Hill, Darryl B.},
  year = {2007},
  journal = {The Journal of Sex Research},
  volume = {44},
  number = {2},
  pages = {135--144},
  issn = {0022-4499},
  doi = {10.1080/00224490701263611}
}

@article{hillis2008,
  title = {Choice Theory, Metacognition, and a Life Experience: Self-Integrity Following Change},
  shorttitle = {Choice Theory, Metacognition, and a Life Experience},
  author = {Hillis, Patrick},
  year = {2008},
  journal = {International Journal of Reality Therapy},
  volume = {28},
  number = {1},
  pages = {57--62},
  issn = {1099-7717},
  language = {eng}
}

@article{hitter2017,
  title = {Positive Sexual Self-Schemas of Women Survivors of Childhood Sexual Abuse},
  author = {Hitter, Tracie L. and Adams, Eve M. and Cahill, Elizabeth J.},
  year = {2017},
  month = feb,
  journal = {The Counseling Psychologist},
  volume = {45},
  number = {2},
  pages = {266--293},
  issn = {0011-0000, 1552-3861},
  doi = {10.1177/0011000017697194},
  language = {en}
}

@article{hockley2015,
  title = {Men with Intellectual Disabilities with a History of Sexual Offending: Empathy for Victims of Sexual and Non-Sexual Crimes},
  shorttitle = {Men with Intellectual Disabilities with a History of Sexual Offending},
  author = {Hockley, O. J. and Langdon, P. E.},
  year = {2015},
  journal = {Journal of Intellectual Disability Research},
  volume = {59},
  number = {4},
  pages = {332--341},
  issn = {1365-2788},
  doi = {10.1111/jir.12137},
  copyright = {\textcopyright{} 2014 MENCAP and International Association of the Scientific Study of Intellectual and Developmental Disabilities and John Wiley \& Sons Ltd},
  language = {en}
}

@article{horne2005,
  title = {Female Sexual Subjectivity and Well-Being: Comparing Late Adolescents with Different Sexual Experiences},
  shorttitle = {Female Sexual Subjectivity and Well-Being},
  author = {Horne, Sharon and {Zimmer-Gembeck}, Melanie J.},
  year = {2005},
  month = sep,
  journal = {Sexuality Research and Social Policy},
  volume = {2},
  number = {3},
  pages = {25--40},
  issn = {1553-6610},
  doi = {10.1525/srsp.2005.2.3.25},
  language = {en}
}

@article{jaccard2005,
  title = {Metacognition, Risk Behavior, and Risk Outcomes: The Role of Perceived Intelligence and Perceived Knowledge},
  shorttitle = {Metacognition, Risk Behavior, and Risk Outcomes},
  author = {Jaccard, James and Dodge, Tonya and {Guilamo-Ramos}, Vincent},
  year = {2005},
  journal = {Health Psychology},
  volume = {24},
  number = {2},
  pages = {161--170},
  issn = {0278-6133},
  doi = {10.1037/0278-6133.24.2.161},
  language = {eng}
}

@article{jarcho2011,
  title = {The Neural Basis of Rationalization: Cognitive Dissonance Reduction during Decision-Making},
  shorttitle = {The Neural Basis of Rationalization},
  author = {Jarcho, Johanna M. and Berkman, Elliot T. and Lieberman, Matthew D.},
  year = {2011},
  month = sep,
  journal = {Social Cognitive and Affective Neuroscience},
  volume = {6},
  number = {4},
  pages = {460--467},
  issn = {1749-5024, 1749-5016},
  doi = {10.1093/scan/nsq054},
  language = {en}
}

@article{jessup2022,
  title = {Choice Is a Tricky Thing: Integrating Sophisticated Choice Models with Learning Processes to Better Account for Complex Choice Behavior},
  shorttitle = {Choice Is a Tricky Thing},
  author = {Jessup, Ryan K. and Busemeyer, Jerome R. and Dimperio, Eric and Homer, John and Phillips, Allison},
  year = {2022},
  journal = {Decision},
  volume = {9},
  number = {3},
  pages = {221--249},
  publisher = {{Educational Publishing Foundation}},
  address = {{US}},
  issn = {2325-9973},
  doi = {10.1037/dec0000171}
}

@article{johnston1996,
  title = {Social Cognition and Sexual Offending: A Theoretical Framework},
  shorttitle = {Social Cognition and Sexual Offending},
  author = {Johnston, Lucy and Ward, Tony},
  year = {1996},
  month = jan,
  journal = {Sexual Abuse: A Journal of Research and Treatment},
  volume = {8},
  number = {1},
  pages = {55--80},
  issn = {1573-286X},
  doi = {10.1007/BF02258016},
  language = {en}
}

@incollection{kahan2012,
  title = {Cultural Cognition as a Conception of the Cultural Theory of Risk},
  booktitle = {Handbook of {{Risk Theory}}: {{Epistemology}}, {{Decision Theory}}, {{Ethics}}, and {{Social Implications}} of {{Risk}}},
  author = {Kahan, Dan M.},
  editor = {Roeser, Sabine and Hillerbrand, Rafaela and Sandin, Per and Peterson, Martin},
  year = {2012},
  pages = {725--759},
  publisher = {{Springer Netherlands}},
  address = {{Dordrecht}},
  doi = {10.1007/978-94-007-1433-5_28},
  isbn = {978-94-007-1433-5},
  language = {en}
}

@article{keenan2000,
  title = {A Theory of Mind Perspective on Cognitive, Affective, and Intimacy Deficits in Child Sexual Offenders},
  author = {Keenan, Thomas and Ward, Tony},
  year = {2000},
  month = jan,
  journal = {Sexual Abuse: A Journal of Research and Treatment},
  volume = {12},
  number = {1},
  pages = {49--60},
  issn = {1573-286X},
  doi = {10.1023/A:1009563821140},
  language = {en}
}

@book{keren2015,
  title = {The Wiley Blackwell Handbook of Judgment and Decision Making},
  author = {Keren, Gideon and Wu, George},
  year = {2015},
  edition = {First},
  publisher = {{John Wiley \& Sons, Ltd}},
  doi = {10.1002/9781118468333}
}

@article{kilimnik2018,
  title = {Identification of Nonconsensual Sexual Experiences and the Sexual Self-Schemas of Women: Implications for Sexual Functioning},
  shorttitle = {Identification of Nonconsensual Sexual Experiences and the Sexual Self-Schemas of Women},
  author = {Kilimnik, Chelsea D. and Boyd, Ryan L. and Stanton, Amelia M. and Meston, Cindy M.},
  year = {2018},
  month = aug,
  journal = {Archives of Sexual Behavior},
  volume = {47},
  number = {6},
  pages = {1633--1647},
  issn = {0004-0002, 1573-2800},
  doi = {10.1007/s10508-018-1229-0},
  language = {en}
}

@article{kornell2009,
  title = {Metacognition in Humans and Animals},
  author = {Kornell, Nate},
  year = {2009},
  journal = {Current Directions in Psychological Science},
  volume = {18},
  number = {1},
  pages = {11--15},
  issn = {0963-7214},
  doi = {10.1111/j.1467-8721.2009.01597.x},
  language = {eng}
}

@article{kralik2018,
  title = {Metacognition for a Common Model of Cognition},
  author = {Kralik, Jerald D. and Lee, Jee Hang and Rosenbloom, Paul S. and Jackson, Philip C. and Epstein, Susan L. and Romero, Oscar J. and Sanz, Ricardo and Larue, Othalia and Schmidtke, Hedda R. and Lee, Sang Wan and McGreggor, Keith},
  year = {2018},
  month = jan,
  journal = {Procedia Computer Science},
  series = {Postproceedings of the 9th {{Annual International Conference}} on {{Biologically Inspired Cognitive Architectures}}, {{BICA}} 2018 ({{Ninth Annual Meeting}} of the {{BICA Society}}), Held {{August}} 22-24, 2018 in {{Prague}}, {{Czech Republic}}},
  volume = {145},
  pages = {730--739},
  issn = {1877-0509},
  doi = {10.1016/j.procs.2018.11.046},
  language = {en}
}

@article{leslie2006,
  title = {Acting Intentionally and the Side-Effect Effect: Theory of Mind and Moral Judgment},
  shorttitle = {Acting Intentionally and the Side-Effect Effect},
  author = {Leslie, Alan M. and Knobe, Joshua and Cohen, Adam},
  year = {2006},
  month = may,
  journal = {Psychological Science},
  volume = {17},
  number = {5},
  pages = {421--427},
  issn = {0956-7976},
  doi = {10.1111/j.1467-9280.2006.01722.x},
  language = {en}
}

@incollection{marshall1993,
  title = {The Importance of Attachment Bonds in the Development of Juvenile Sex Offending.},
  booktitle = {The Juvenile Sex Offender.},
  author = {Marshall, William L. and Hudson, Stephen M. and Hodkinson, Sharon},
  year = {1993},
  pages = {164--181},
  publisher = {{Guilford Press}},
  address = {{New York,  NY,  US}},
  isbn = {0-89862-120-8 (Hardcover)}
}

@article{massoni2014,
  title = {Emotion as a Boost to Metacognition: How Worry Enhances the Quality of Confidence},
  shorttitle = {Emotion as a Boost to Metacognition},
  author = {Massoni, S{\'e}bastien},
  year = {2014},
  journal = {Consciousness and Cognition},
  volume = {29},
  number = {1455},
  pages = {189--198},
  issn = {1053-8100},
  doi = {10.1016/j.concog.2014.08.006},
  language = {eng}
}

@article{mata2019,
  title = {Social Metacognition in Moral Judgment: Decisional Conflict Promotes Perspective Taking.},
  shorttitle = {Social Metacognition in Moral Judgment},
  author = {Mata, Andr{\'e}},
  year = {2019},
  month = dec,
  journal = {Journal of Personality and Social Psychology},
  volume = {117},
  number = {6},
  pages = {1061--1082},
  issn = {1939-1315, 0022-3514},
  doi = {10.1037/pspa0000170},
  language = {en}
}

@article{mcvee2005,
  title = {Schema Theory Revisited},
  author = {McVee, Mary B. and Dunsmore, Kailonnie and Gavelek, James R.},
  year = {2005},
  month = dec,
  journal = {Review of Educational Research},
  volume = {75},
  number = {4},
  pages = {531--566},
  issn = {0034-6543},
  doi = {10.3102/00346543075004531},
  language = {en}
}

@article{moore2007,
  title = {Sexual Risk Behavior among People Living with {{HIV}}/{{AIDS}} in Togo},
  author = {Moore, Ami R. and Oppong, Joseph},
  year = {2007},
  month = mar,
  journal = {Social Science \& Medicine},
  series = {{{HIV}}/{{AIDS}}, Gender, Agency and Empowerment Issues in {{Africa}}},
  volume = {64},
  number = {5},
  pages = {1057--1066},
  issn = {0277-9536},
  doi = {10.1016/j.socscimed.2006.10.004},
  language = {en}
}

@article{moreira2018,
  title = {Post-Decision Wagering after Perceptual Judgments Reveals Bi-Directional Certainty Readouts},
  author = {Moreira, C. M. and Rollwage, M. and Kaduk, K. and Wilke, M. and Kagan, I.},
  year = {2018},
  journal = {Cognition},
  volume = {176},
  pages = {40--52},
  issn = {0010-0277},
  doi = {10.1016/j.cognition.2018.02.026},
  language = {English}
}

@article{moritz2018,
  title = {Metacognition \textendash{} What Did James {{H}}. Flavell Really Say and the Implications for the Conceptualization and Design of Metacognitive Interventions},
  author = {Moritz, Steffen and Lysaker, Paul H.},
  year = {2018},
  month = nov,
  journal = {Schizophrenia Research},
  volume = {201},
  pages = {20--26},
  issn = {0920-9964},
  doi = {10.1016/j.schres.2018.06.001},
  language = {en}
}

@techreport{nadarevic2021,
  type = {Preprint},
  title = {Judging Fast and Slow: The Truth Effect Does Not Increase under Time-Pressure Conditions},
  shorttitle = {Judging Fast and Slow},
  author = {Nadarevic, Lena and Schnuerch, Martin and Stegemann, Marlena J.},
  year = {2021},
  month = jan,
  institution = {{PsyArXiv}},
  doi = {10.31234/osf.io/53vgc}
}

@article{ohtani2018,
  title = {Beyond Intelligence: A Meta-Analytic Review of the Relationship among Metacognition, Intelligence, and Academic Performance},
  shorttitle = {Beyond Intelligence},
  author = {Ohtani, Kazuhiro and Hisasaka, Tetsuya},
  year = {2018},
  month = aug,
  journal = {Metacognition and Learning},
  volume = {13},
  number = {2},
  pages = {179--212},
  issn = {1556-1631},
  doi = {10.1007/s11409-018-9183-8},
  language = {en}
}

@article{osullivan2010,
  title = {A Cognitive Analysis of College Students' Explanations for Engaging in Unprotected Sexual Intercourse},
  author = {O'Sullivan, Lucia F. and Udell, Wadiya and Montrose, Vernique A. and Antoniello, Patricia and Hoffman, Susie},
  year = {2010},
  month = oct,
  journal = {Archives of Sexual Behavior},
  volume = {39},
  number = {5},
  pages = {1121--1131},
  issn = {1573-2800},
  doi = {10.1007/s10508-009-9493-7},
  language = {en}
}

@article{pannu2005,
  title = {Metamemory Experiments in Neurological Populations: A Review},
  shorttitle = {Metamemory Experiments in Neurological Populations},
  author = {Pannu, Jasmeet K. and Kaszniak, Alfred W.},
  year = {2005},
  month = sep,
  journal = {Neuropsychology Review},
  volume = {15},
  number = {3},
  pages = {105--130},
  issn = {1040-7308, 1573-6660},
  doi = {10.1007/s11065-005-7091-6},
  language = {en}
}

@misc{parrott2015,
  title = {Metacognition and Evidence Analysis Instruction: An Educational Framework and Practical Experience},
  shorttitle = {Metacognition and Evidence Analysis Instruction},
  author = {Parrott, J. Scott and Rubinstein, Matthew L.},
  year = {2015},
  month = aug,
  journal = {Systematic Reviews},
  doi = {10.1186/s13643-015-0101-8},
  howpublished = {http://link.galegroup.com/apps/doc/A541652755/AONE?sid=lms},
  language = {English}
}

@article{petty2002,
  title = {Thought Confidence as a Determinant of Persuasion: The Self-Validation Hypothesis.},
  shorttitle = {Thought Confidence as a Determinant of Persuasion},
  author = {Petty, Richard E. and Bri{\~n}ol, Pablo and Tormala, Zakary L.},
  year = {2002},
  journal = {Journal of Personality and Social Psychology},
  volume = {82},
  number = {5},
  pages = {722--741},
  issn = {1939-1315, 0022-3514},
  doi = {10.1037/0022-3514.82.5.722},
  language = {en}
}

@article{pleck1993,
  title = {Masculinity Ideology: Its Impact on Adolescent Males' Heterosexual Relationships.},
  author = {Pleck, Joseph and Sonenstein, Freya and Ku, Leighton},
  year = {1993},
  journal = {Journal of Social Issues},
  volume = {49},
  number = {3},
  pages = {19},
  issn = {0022-4537},
  doi = {10.1111/j.1540-4560.1993.tb01166.x}
}

@article{polman2022,
  title = {Making Utilitarian Choices but Giving Deontological Advice},
  author = {Polman, Evan and Ruttan, Rachel L.},
  year = {2022},
  journal = {Journal of Experimental Psychology: General},
  volume = {151},
  pages = {2614--2621},
  publisher = {{American Psychological Association}},
  address = {{US}},
  issn = {1939-2222},
  doi = {10.1037/xge0001194}
}

@article{ponnet2015,
  title = {A Family System Approach to Investigate Family-Based Pathways between Financial Stress and Adolescent Problem Behavior},
  author = {Ponnet, Koen and Leeuwen, Karla Van and Wouters, Edwin and Mortelmans, Dimitri},
  year = {2015},
  journal = {Journal of Research on Adolescence},
  volume = {25},
  number = {4},
  pages = {765--780},
  issn = {1532-7795},
  doi = {10.1111/jora.12171},
  copyright = {\textcopyright{} 2014 The Authors. Journal of Research on Adolescence \textcopyright{} 2014 Society for Research on Adolescence},
  language = {en}
}

@article{proust2010,
  title = {Metacognition},
  author = {Proust, Jo{\"e}lle},
  year = {2010},
  journal = {Philosophy Compass},
  volume = {5},
  number = {11},
  pages = {989--998},
  issn = {1747-9991},
  doi = {10.1111/j.1747-9991.2010.00340.x}
}

@article{rellini2011,
  title = {Sexual Self-Schemas, Sexual Dysfunction, and the Sexual Responses of Women with a History of Childhood Sexual Abuse},
  author = {Rellini, Alessandra H. and Meston, Cindy M.},
  year = {2011},
  month = apr,
  journal = {Archives of Sexual Behavior},
  volume = {40},
  number = {2},
  pages = {351--362},
  issn = {0004-0002, 1573-2800},
  doi = {10.1007/s10508-010-9694-0},
  language = {en}
}

@article{risko2015,
  title = {Storing Information In-the-World: Metacognition and Cognitive Offloading in a Short-Term Memory Task},
  shorttitle = {Storing Information In-the-World},
  author = {Risko, Evan F. and Dunn, Timothy L.},
  year = {2015},
  journal = {Consciousness and Cognition},
  volume = {36},
  pages = {61--74},
  issn = {1053-8100},
  doi = {10.1016/j.concog.2015.05.014},
  language = {eng}
}

@article{rock2003,
  title = {To Know That We Know What We Know: Perceived Knowledge and Adolescent Sexual Risk Behavior},
  shorttitle = {To Know That We Know What We Know},
  author = {Rock, E. M and Ireland, M and Resnick, M. D},
  year = {2003},
  month = dec,
  journal = {Journal of Pediatric and Adolescent Gynecology},
  volume = {16},
  number = {6},
  pages = {369--376},
  issn = {1083-3188},
  doi = {10.1016/j.jpag.2003.09.003},
  language = {en}
}

@article{scannell2010,
  title = {The Metacognitions of Climate Change},
  author = {Scannell, Leila and Grouzet, Frederick M. E.},
  year = {2010},
  month = apr,
  journal = {New Ideas in Psychology},
  volume = {28},
  number = {1},
  pages = {94--103},
  issn = {0732-118X},
  doi = {10.1016/j.newideapsych.2009.09.020},
  language = {en}
}

@article{schrift2011,
  title = {Complicating Choice},
  author = {Schrift, R. Y. and Netzer, O. and Kivetz, R.},
  year = {2011},
  journal = {Journal of Marketing Research},
  volume = {48},
  number = {2},
  pages = {308--326},
  issn = {0022-2437},
  doi = {10.1509/jmkr.48.2.308}
}

@incollection{schwartz2013,
  title = {Metacognition: A Closed-Loop Model of Biased Competition\textendash Evidence from Neuroscience, Cognition, and Instructional Research},
  shorttitle = {Metacognition},
  booktitle = {International {{Handbook}} of {{Metacognition}} and {{Learning Technologies}}},
  author = {Schwartz, Neil H. and Scott, Brianna M. and Holzberger, Doris},
  editor = {Azevedo, Roger and Aleven, Vincent},
  year = {2013},
  volume = {28},
  pages = {79--94},
  publisher = {{Springer New York}},
  address = {{New York, NY}},
  doi = {10.1007/978-1-4419-5546-3_6},
  isbn = {978-1-4419-5545-6 978-1-4419-5546-3},
  language = {en}
}

@article{scott2007,
  title = {Navigational Spatial Displays: The Role of Metacognition as Cognitive Load},
  shorttitle = {Navigational Spatial Displays},
  author = {Scott, Brianna M. and Schwartz, Neil H.},
  year = {2007},
  month = feb,
  journal = {Learning and Instruction},
  volume = {17},
  number = {1},
  pages = {89--105},
  issn = {09594752},
  doi = {10.1016/j.learninstruc.2006.11.008},
  language = {en}
}

@article{shakeel2019,
  title = {Neurocognitive Predictors of Metacognition in Individuals at Clinical High Risk for Psychosis},
  author = {Shakeel, M. K. and Lu, L. and Woods, S. W. and Perkins, D. O. and Addington, J.},
  year = {2019},
  journal = {Behavioural and Cognitive Psychotherapy},
  pages = {1--5},
  issn = {1352-4658},
  doi = {10.1017/S1352465819000328}
}

@article{simons1994,
  title = {Metacognition},
  author = {Simons, P. R. J.},
  year = {1994},
  journal = {International encyclopedia of education},
  pages = {3784},
  language = {eng}
}

@article{smith1988,
  title = {Social Cognitions about Adult Male Victims of Female Sexual Assault},
  author = {Smith, Ronald E. and Pine, Charles J. and Hawley, Mark E.},
  year = {1988},
  journal = {The Journal of Sex Research},
  volume = {24},
  pages = {101--112},
  issn = {0022-4499},
  doi = {10.1080/00224498809551401}
}

@article{spada2008,
  title = {Measuring Metacognitions Associated with Emotional Distress: Factor Structure and Predictive Validity of the Metacognitions Questionnaire 30},
  shorttitle = {Measuring Metacognitions Associated with Emotional Distress},
  author = {Spada, Marcantonio M. and Mohiyeddini, Changiz and Wells, Adrian},
  year = {2008},
  month = aug,
  journal = {Personality and Individual Differences},
  volume = {45},
  number = {3},
  pages = {238--242},
  issn = {0191-8869},
  doi = {10.1016/j.paid.2008.04.005},
  language = {en}
}

@article{tolman1994,
  title = {Doing Desire: Adolescent Girls' Struggles for/with Sexuality},
  shorttitle = {Doing Desire},
  author = {Tolman, Deborah L.},
  year = {1994},
  month = sep,
  journal = {Gender \& Society},
  volume = {8},
  number = {3},
  pages = {324--342},
  issn = {0891-2432, 1552-3977},
  doi = {10.1177/089124394008003003},
  language = {en}
}

@article{unal2022,
  title = {The Role of Domain-General Attention and Domain-Specific Processing in Working Memory in Algebraic Performance: An Experimental Approach},
  shorttitle = {The Role of Domain-General Attention and Domain-Specific Processing in Working Memory in Algebraic Performance},
  author = {{\"U}nal, Zehra Emine and Forsberg, Alicia and Geary, David C. and Cowan, Nelson},
  year = {2022},
  journal = {Journal of Experimental Psychology: Learning, Memory, and Cognition},
  volume = {48},
  number = {3},
  pages = {348--374},
  publisher = {{American Psychological Association}},
  address = {{US}},
  issn = {1939-1285},
  doi = {10.1037/xlm0001117}
}

@article{vaccaro2018,
  title = {Thinking about Thinking: A Coordinate-Based Meta-Analysis of Neuroimaging Studies of Metacognitive Judgements},
  shorttitle = {Thinking about Thinking},
  author = {Vaccaro, Anthony G. and Fleming, Stephen M.},
  year = {2018},
  month = nov,
  journal = {Brain and Neuroscience Advances},
  volume = {2},
  issn = {2398-2128},
  doi = {10.1177/2398212818810591},
  pmcid = {PMC6238228},
  pmid = {30542659}
}

@article{vergauwe2022,
  title = {Storage and Processing in Working Memory: A Single, Domain-General Resource Explains Multitasking},
  shorttitle = {Storage and Processing in Working Memory},
  author = {Vergauwe, Evie and {von Bastian}, Claudia C. and Kostova, Ralitsa and Morey, Candice C.},
  year = {2022},
  journal = {Journal of Experimental Psychology: General},
  volume = {151},
  number = {2},
  pages = {285--301},
  publisher = {{American Psychological Association}},
  address = {{US}},
  issn = {1939-2222},
  doi = {10.1037/xge0000895}
}

@article{vincent2016,
  title = {Adherence to Traditionally Masculine Norms and Condom-Related Beliefs: Emphasis on African American and Hispanic Men.},
  shorttitle = {Adherence to Traditionally Masculine Norms and Condom-Related Beliefs},
  author = {Vincent, Wilson and Gordon, Derrick M. and Campbell, Christina and Ward, Nadia L. and Albritton, Tashuna and Kershaw, Trace},
  year = {2016},
  month = jan,
  journal = {Psychology of Men \& Masculinity},
  volume = {17},
  number = {1},
  pages = {42--53},
  issn = {1939-151X, 1524-9220},
  doi = {10.1037/a0039455},
  language = {en}
}

@article{volz2012,
  title = {Cognitive Processes in Decisions under Risk Are Not the Same as in Decisions under Uncertainty},
  author = {Volz, Kirsten G. and Gigerenzer, Gerd},
  year = {2012},
  journal = {Frontiers in Neuroscience},
  volume = {6},
  publisher = {{Frontiers}},
  issn = {1662-453X},
  doi = {10.3389/fnins.2012.00105},
  language = {English}
}

@book{wanke2008,
  title = {Social Psychology of Consumer Behavior},
  author = {Wanke, Michaela},
  year = {2008},
  month = dec,
  publisher = {{Psychology Press}},
  googlebooks = {XPx5AgAAQBAJ},
  isbn = {978-1-136-64284-5},
  language = {en}
}

@article{welsh2014,
  title = {Metacognitive Beliefs in Adolescents with an At-Risk Mental State for Psychosis},
  author = {Welsh, Patrick and Cartwright-Hatton, Sam and Wells, Adrian and Snow, Libby and Tiffin, Paul A.},
  year = {2014},
  journal = {Early Intervention in Psychiatry},
  volume = {8},
  number = {1},
  pages = {82--86},
  issn = {1751-7893},
  doi = {10.1111/eip.12052},
  copyright = {\textcopyright{} 2013 Wiley Publishing Asia Pty Ltd},
  language = {en}
}

@incollection{winkielman2012,
  title = {Consciousness, Metacognition, and the Unconscious},
  booktitle = {The {{SAGE Handbook}} of {{Social Cognition The SAGE}} Handbook of Social Cognition},
  author = {Winkielman, Piotr and Schooler, Jonathan W.},
  year = {2012},
  pages = {54--74},
  publisher = {{SAGE Publications Ltd}},
  address = {{1 Oliver's Yard,~ 55 City Road,~ London~ ~ EC1Y 1SP~ United Kingdom}},
  doi = {10.4135/9781446247631.n4},
  isbn = {978-0-85702-481-7 978-1-4462-4763-1},
  language = {en}
}

@misc{winne2014,
  title = {Metacognition},
  author = {Winne, P. H. and Azevedo, R.},
  year = {2014},
  publisher = {{Cambridge University Press}}
}

@article{wood2002,
  title = {Prior Knowledge and Complacency in New Product Learning},
  author = {Wood, Stacy and Lynch, John G.},
  year = {2002},
  journal = {SSRN Electronic Journal},
  issn = {1556-5068},
  doi = {10.2139/ssrn.339383},
  language = {en}
}

@article{woods2007,
  title = {Frequency and Predictors of Self-Reported Prospective Memory Complaints in Individuals Infected with {{HIV}}},
  author = {Woods, S and Carey, C and Moran, L and Dawson, M and Letendre, S and Grant, I},
  year = {2007},
  month = feb,
  journal = {Archives of Clinical Neuropsychology},
  volume = {22},
  number = {2},
  pages = {187--195},
  issn = {08876177},
  doi = {10.1016/j.acn.2006.12.006},
  language = {en}
}

@article{yeung2012,
  title = {Metacognition in Human Decision-Making: Confidence and Error Monitoring},
  shorttitle = {Metacognition in Human Decision-Making},
  author = {Yeung, N. and Summerfield, C.},
  year = {2012},
  journal = {Philosophical Transactions Of The Royal Society B-Biological Sciences},
  volume = {367},
  number = {1594},
  pages = {1310--1321},
  issn = {0962-8436},
  doi = {10.1098/rstb.2011.0416},
  language = {English}
}

@article{young2007a,
  title = {The Neural Basis of the Interaction between Theory of Mind and Moral Judgment},
  author = {Young, Liane and Cushman, Fiery and Hauser, Marc and Saxe, Rebecca},
  year = {2007},
  month = may,
  journal = {Proceedings of the National Academy of Sciences},
  volume = {104},
  number = {20},
  pages = {8235--8240},
  issn = {0027-8424, 1091-6490},
  doi = {10.1073/pnas.0701408104},
  copyright = {\textcopyright{} 2007 by The National Academy of Sciences of the USA},
  language = {en},
  pmid = {17485679}
}

@book{yzerbyt1998,
  title = {Metacognition Cognitive and Social Dimensions},
  author = {Yzerbyt, Vincent and Lories, Guy and Dardenne, Benoit},
  year = {1998},
  publisher = {{SAGE}},
  address = {{London}},
  isbn = {978-1-4462-7921-2},
  language = {eng}
}

