@article{anderson2012,
  title = {The Personal Sense of Power},
  author = {Anderson, Cameron and John, Oliver P. and Keltner, Dacher},
  year = {2012},
  journal = {Journal of Personality},
  volume = {80},
  number = {2},
  pages = {313--344},
  issn = {1467-6494},
  doi = {10.1111/j.1467-6494.2011.00734.x},
  copyright = {\textcopyright{} 2011 The Authors. Journal of Personality \textcopyright{} 2012, Wiley Periodicals, Inc},
  language = {en}
}

@article{antai2011,
  title = {Controlling Behavior, Power Relations within Intimate Relationships and Intimate Partner Physical and Sexual Violence against Women in Nigeria},
  author = {Antai, Diddy},
  year = {2011},
  month = dec,
  journal = {BMC Public Health},
  volume = {11},
  number = {1},
  pages = {511},
  issn = {1471-2458},
  doi = {10.1186/1471-2458-11-511},
  language = {en}
}

@article{arceneaux2021,
  title = {Some People Just Want to Watch the World Burn: The Prevalence, Psychology and Politics of the `Need for Chaos'},
  shorttitle = {Some People Just Want to Watch the World Burn},
  author = {Arceneaux, Kevin and Gravelle, Timothy B. and Osmundsen, Mathias and Petersen, Michael Bang and Reifler, Jason and Scotto, Thomas J.},
  year = {2021},
  month = apr,
  journal = {Philosophical Transactions of the Royal Society B: Biological Sciences},
  volume = {376},
  number = {1822},
  pages = {20200147},
  publisher = {{Royal Society}},
  doi = {10.1098/rstb.2020.0147}
}

@book{aristotle1984,
  title = {Complete Works of Aristotle, Volume 2: The Revised Oxford Translation},
  shorttitle = {Complete Works of Aristotle, Volume 2},
  author = {Aristotle},
  year = {1984},
  month = sep,
  publisher = {{Princeton University Press}},
  googlebooks = {D16YDwAAQBAJ},
  isbn = {978-0-691-01651-1},
  language = {en}
}

@article{bareket2020,
  title = {Domination and Objectification: Men's Motivation for Dominance over Women Affects Their Tendency to Sexually Objectify Women},
  shorttitle = {Domination and Objectification},
  author = {Bareket, Orly and Shnabel, Nurit},
  year = {2020},
  month = mar,
  journal = {Psychology of Women Quarterly},
  volume = {44},
  number = {1},
  pages = {28--49},
  publisher = {{SAGE Publications Inc}},
  issn = {0361-6843},
  doi = {10.1177/0361684319871913},
  language = {en}
}

@article{barkow1975,
  title = {Prestige and Culture: A Biosocial Interpretation [and Comments and Replies]},
  shorttitle = {Prestige and Culture},
  author = {Barkow, Jerome H. and Akiwowo, Akinsola A. and Barua, Tushar K. and Chance, M. R. A. and Chapple, Eliot D. and Chattopadhyay, Gouranga P. and Freedman, Daniel G. and Geddes, W. R. and Goswami, B. B. and Isichei, P. A. C. and Knudson, Mary S. and Manson, Spero M. and Parker, Christopher E. and Price, John A. and Sarles, Harvey B.},
  year = {1975},
  journal = {Current Anthropology},
  volume = {16},
  number = {4},
  pages = {553--572},
  publisher = {{[University of Chicago Press, Wenner-Gren Foundation for Anthropological Research]}},
  issn = {0011-3204},
  doi = {10.1086/201619}
}

@incollection{barkow2014,
  title = {Prestige and the Ongoing Process of Culture Revision},
  booktitle = {The {{Psychology}} of {{Social Status}}},
  author = {Barkow, Jerome H.},
  editor = {Cheng, Joey T. and Tracy, Jessica L. and Anderson, Cameron},
  year = {2014},
  pages = {29--45},
  publisher = {{Springer New York}},
  address = {{New York, NY}},
  doi = {10.1007/978-1-4939-0867-7_2},
  isbn = {978-1-4939-0866-0 978-1-4939-0867-7},
  language = {en}
}

@article{bastian2013,
  title = {Losing Our Humanity: The Self-Dehumanizing Consequences of Social Ostracism},
  shorttitle = {Losing Our Humanity},
  author = {Bastian, Brock and Jetten, Jolanda and Chen, Hannah and Radke, Helena R. M. and Harding, Jessica F. and Fasoli, Fabio},
  year = {2013},
  month = feb,
  journal = {Personality \& Social Psychology Bulletin},
  volume = {39},
  number = {2},
  pages = {156--169},
  issn = {1552-7433},
  doi = {10.1177/0146167212471205},
  language = {eng},
  pmid = {23386654}
}

@article{bierstedt1950,
  title = {An Analysis of Social Power},
  author = {Bierstedt, Robert},
  year = {1950},
  journal = {American Sociological Review},
  volume = {15},
  number = {6},
  pages = {730--738},
  publisher = {{[American Sociological Association, Sage Publications, Inc.]}},
  issn = {0003-1224},
  doi = {10.2307/2086605}
}

@article{blazina2007,
  title = {The Relationship between Masculinity Ideology, Loneliness, and Separation-Individuation Difficulties},
  author = {Blazina, Chris and Eddins, Rachel and Burridge, Andrea and Settle, Anna},
  year = {2007},
  month = jan,
  journal = {The Journal of Men's Studies},
  volume = {15},
  number = {1},
  pages = {101--109},
  issn = {1060-8265, 1933-0251},
  doi = {10.3149/jms.1501.101},
  language = {en}
}

@article{boyer2018,
  title = {Folk-Economic Beliefs: An Evolutionary Cognitive Model},
  shorttitle = {Folk-Economic Beliefs},
  author = {Boyer, Pascal and Petersen, Michael Bang},
  year = {2018/ed},
  journal = {Behavioral and Brain Sciences},
  volume = {41},
  publisher = {{Cambridge University Press}},
  issn = {0140-525X, 1469-1825},
  doi = {10.1017/S0140525X17001960},
  language = {en}
}

@article{brown1990,
  title = {Reducing Sex Differences in Visual Displays of Dominance: Knowledge Is Power},
  shorttitle = {Reducing Sex Differences in Visual Displays of Dominance},
  author = {Brown, Clifford E. and Dovidio, John F. and Ellyson, Steve L.},
  year = {1990},
  month = jun,
  journal = {Personality and Social Psychology Bulletin},
  volume = {16},
  number = {2},
  pages = {358--368},
  publisher = {{SAGE Publications Inc}},
  issn = {0146-1672},
  doi = {10.1177/0146167290162015},
  language = {en}
}

@article{bugental2002,
  title = {Gender, Power, and Violence in the Family},
  author = {Bugental, Daphne Blunt and Shennum, William},
  year = {2002},
  month = feb,
  journal = {Child Maltreatment},
  volume = {7},
  number = {1},
  pages = {55--63},
  issn = {1077-5595, 1552-6119},
  doi = {10.1177/1077559502007001005},
  language = {en}
}

@inproceedings{chiappori2019,
  title = {1 the Intra-Spousal Balance of Power within the Family : Cross-Cultural Evidence},
  shorttitle = {1 the Intra-Spousal Balance of Power within the Family},
  author = {Chiappori, Pierre-Andr{\'e} and Molina, Jos{\'e} Alberto},
  year = {2019}
}

@article{conroy2016,
  title = {Power and the Association with Relationship Quality in South African Couples: Implications for {{HIV}}/{{AIDS}} Interventions},
  shorttitle = {Power and the Association with Relationship Quality in South African Couples},
  author = {Conroy, Amy A. and McGrath, Nuala and {van Rooyen}, Heidi and Hosegood, Victoria and Johnson, Mallory O. and Fritz, Katherine and Marr, Alexander and Ngubane, Thulani and Darbes, Lynae A.},
  year = {2016},
  month = mar,
  journal = {Social Science \& Medicine},
  volume = {153},
  pages = {1--11},
  issn = {02779536},
  doi = {10.1016/j.socscimed.2016.01.035},
  language = {en}
}

@article{critchfield2008,
  title = {The Relational Context of Aggression in Borderline Personality Disorder: Using Adult Attachment Style to Predict Forms of Hostility},
  shorttitle = {The Relational Context of Aggression in Borderline Personality Disorder},
  author = {Critchfield, Kenneth L. and Levy, Kenneth N. and Clarkin, John F. and Kernberg, Otto F.},
  year = {2008},
  journal = {Journal of Clinical Psychology},
  volume = {64},
  number = {1},
  pages = {67--82},
  issn = {1097-4679},
  doi = {10.1002/jclp.20434},
  language = {en}
}

@article{dedreu2004,
  title = {The Influence of Power on the Information Search, Impression Formation, and Demands in Negotiation},
  author = {De Dreu, Carsten K. W and Van Kleef, Gerben A},
  year = {2004},
  month = may,
  journal = {Journal of Experimental Social Psychology},
  volume = {40},
  number = {3},
  pages = {303--319},
  issn = {0022-1031},
  doi = {10.1016/j.jesp.2003.07.004},
  language = {en}
}

@article{delton2021,
  title = {Partisans Use Emotions as Social Pressure: Feeling Anger and Gratitude at Exiters and Recruits in Political Groups},
  shorttitle = {Partisans Use Emotions as Social Pressure},
  author = {Delton, Andrew W and Kane, John V and Petersen, Michael Bang and Robertson, Theresa E and Cosmides, Leda},
  year = {2021},
  month = jun,
  journal = {Party Politics},
  pages = {13540688211018796},
  publisher = {{SAGE Publications Ltd}},
  issn = {1354-0688},
  doi = {10.1177/13540688211018796},
  language = {en}
}

@article{demarree2014,
  title = {The Effects of Power on Prosocial Outcomes: A Self-Validation Analysis},
  shorttitle = {The Effects of Power on Prosocial Outcomes},
  author = {DeMarree, Kenneth G. and Bri{\~n}ol, Pablo and Petty, Richard E.},
  year = {2014},
  month = apr,
  journal = {Journal of Economic Psychology},
  volume = {41},
  pages = {20--30},
  issn = {01674870},
  doi = {10.1016/j.joep.2012.07.005},
  language = {en}
}

@article{depadilla2011,
  title = {Condom Use among Young Women: Modeling the Theory of Gender and Power.},
  shorttitle = {Condom Use among Young Women},
  author = {DePadilla, Lara and Windle, Michael and Wingood, Gina and Cooper, Hannah and DiClemente, Ralph},
  year = {2011},
  journal = {Health Psychology},
  volume = {30},
  number = {3},
  pages = {310--319},
  issn = {1930-7810, 0278-6133},
  doi = {10.1037/a0022871},
  language = {en}
}

@article{dreu1995,
  title = {Coercive Power and Concession Making in Bilateral Negotiation},
  author = {Dreu, Carsten K. W. De},
  year = {1995},
  journal = {The Journal of Conflict Resolution},
  volume = {39},
  number = {4},
  pages = {646--670},
  issn = {0022-0027},
  doi = {10.1177/0022002795039004003}
}

@incollection{dunning2012,
  title = {Judgment and Decision Making},
  booktitle = {The {{SAGE Handbook}} of {{Social Cognition}}},
  author = {Dunning, David},
  year = {2012},
  pages = {251--272},
  publisher = {{SAGE Publications Ltd}},
  address = {{London}},
  doi = {10.4135/9781446247631}
}

@book{dutton2006,
  title = {The Abusive Personality, Second Edition: Violence and Control in Intimate Relationships},
  shorttitle = {The Abusive Personality, Second Edition},
  author = {Dutton, Donald G.},
  year = {2006},
  month = dec,
  publisher = {{Guilford Press}},
  googlebooks = {f70GEKYT74sC},
  isbn = {978-1-60623-740-3},
  language = {en}
}

@article{ebenbach1998,
  title = {Power, Emotion, and Judgmental Accuracy in Social Conflict: Motivating the Cognitive Miser},
  shorttitle = {Power, Emotion, and Judgmental Accuracy in Social Conflict},
  author = {Ebenbach, David H. and Keltner, Dacher},
  year = {1998},
  month = mar,
  journal = {Basic and Applied Social Psychology},
  volume = {20},
  number = {1},
  pages = {7--21},
  issn = {0197-3533},
  doi = {10.1207/s15324834basp2001_2}
}

@article{emerson1962,
  title = {Power-Dependence Relations},
  author = {Emerson, Richard M.},
  year = {1962},
  journal = {American Sociological Review},
  volume = {27},
  number = {1},
  pages = {31--41},
  issn = {0003-1224},
  doi = {10.2307/2089716}
}

@article{emerson1976,
  title = {Social Exchange Theory},
  author = {Emerson, R M},
  year = {1976},
  journal = {Annual Review of Sociology},
  volume = {2},
  number = {1},
  pages = {335--362},
  doi = {10.1146/annurev.so.02.080176.002003}
}

@article{eugene2012,
  title = {The Missing Links: Understanding the Role of Motivations and Power Differentials in the Sexual Behaviors of Young Gay and Bisexual Males},
  shorttitle = {The Missing Links},
  author = {Eugene, Jeffrey and Bayer, Carey Roth},
  year = {2012},
  month = dec,
  journal = {Archives of Sexual Behavior},
  volume = {41},
  number = {6},
  pages = {1329--1330},
  issn = {0004-0002, 1573-2800},
  doi = {10.1007/s10508-012-0026-4},
  language = {en}
}

@article{fisk1990,
  title = {{A continuum of impression formation, from category-based to individuating processes: influences of information and motivation on attention and interpretation}},
  shorttitle = {{A continuum of impression formation, from category-based to individuating processes}},
  author = {Fisk, Susan T. and Neuberg, Steven},
  year = {1990},
  journal = {Advances in Experimental Social Psychology},
  volume = {23},
  number = {C},
  pages = {1--74},
  issn = {0065-2601},
  doi = {10.1016/S0065-2601(08)60317-2},
  language = {English (US)}
}

@article{fiske1987,
  title = {Category-Based and Attribute-Based Reactions to Others: Some Informational Conditions of Stereotyping and Individuating Processes},
  shorttitle = {Category-Based and Attribute-Based Reactions to Others},
  author = {Fiske, Susan T and Neuberg, Steven L and Beattie, Ann E and Milberg, Sandra J},
  year = {1987},
  month = sep,
  journal = {Journal of Experimental Social Psychology},
  volume = {23},
  number = {5},
  pages = {399--427},
  issn = {0022-1031},
  doi = {10.1016/0022-1031(87)90038-2},
  language = {en}
}

@incollection{fiske2018,
  title = {Controlling Other People: The Impact of Power on Stereotyping},
  shorttitle = {Controlling Other People},
  booktitle = {Social {{Cognition}}: {{Selected Works}} of {{Susan Fiske}}},
  author = {Fiske, S.T.},
  year = {2018},
  pages = {101--115},
  doi = {10.4324/9781315187280}
}

@book{fiske2018a,
  title = {Social Cognition: Selected Works of Susan t. Fiske},
  shorttitle = {Social Cognition},
  author = {Fiske, Susan T.},
  year = {2018},
  month = jan,
  edition = {First},
  publisher = {{Routledge}},
  doi = {10.4324/9781315187280},
  isbn = {978-1-315-18728-0},
  language = {en}
}

@book{forgas2021,
  title = {The Psychology of Populism: The Tribal Challenge to Liberal Democracy},
  shorttitle = {The Psychology of Populism},
  author = {Forgas, Joseph P. and Crano, William D. and Fiedler, Klaus},
  year = {2021},
  month = feb,
  publisher = {{Routledge}},
  googlebooks = {4a4WEAAAQBAJ},
  isbn = {978-1-00-036893-2},
  language = {en}
}

@article{galliher1999,
  title = {Power and Psychological Well-Being in Late Adolescent Romantic Relationships},
  author = {Galliher, Renee V. and Rostosky, Sharon S. and Welsh, Deborah P. and Kawaguchi, Myra C.},
  year = {1999},
  journal = {Sex Roles: A Journal of Research},
  volume = {40},
  number = {9-10},
  pages = {689--710},
  issn = {1573-2762(Electronic),0360-0025(Print)},
  doi = {10.1023/A:1018804617443}
}

@article{gesink2016,
  title = {Abuse of Power in Relationships and Sexual Health},
  author = {Gesink, Dionne and Whiskeyjack, Lana and Suntjens, Terri and Mihic, Alanna and McGilvery, Priscilla},
  year = {2016},
  month = aug,
  journal = {Child Abuse \& Neglect},
  volume = {58},
  pages = {12--23},
  issn = {01452134},
  doi = {10.1016/j.chiabu.2016.06.005},
  language = {en}
}

@article{giebels1998,
  title = {The Alternative Negotiator as the Invisible Third at the Table: The Impact of Potency Information.},
  author = {Giebels, Ellen and {de Dreu}, Carsten K. W. and {van de Vliert}, Evert},
  year = {1998},
  journal = {International Journal of Conflict Management},
  volume = {9},
  number = {1},
  pages = {5--21},
  issn = {1758-8545(Electronic),1044-4068(Print)},
  doi = {10.1108/eb022802}
}

@article{goodwin2000,
  title = {Power Can Bias Impression Processes: Stereotyping Subordinates by Default and by Design},
  shorttitle = {Power Can Bias Impression Processes},
  author = {Goodwin, Stephanie A. and Gubin, Alexandra and Fiske, Susan T. and Yzerbyt, Vincent Y.},
  year = {2000},
  month = jul,
  journal = {Group Processes \& Intergroup Relations},
  volume = {3},
  number = {3},
  pages = {227--256},
  issn = {1368-4302, 1461-7188},
  doi = {10.1177/1368430200003003001},
  language = {en}
}

@article{gwinn2013,
  title = {Less Power = Less Human? {{Effects}} of Power Differentials on Dehumanization},
  shorttitle = {Less Power = Less Human?},
  author = {Gwinn, Jason D. and Judd, Charles M. and Park, Bernadette},
  year = {2013},
  month = may,
  journal = {Journal of Experimental Social Psychology},
  volume = {49},
  number = {3},
  pages = {464--470},
  issn = {0022-1031},
  doi = {10.1016/j.jesp.2013.01.005},
  language = {en}
}

@article{hahm2012,
  title = {Gender Power Control, Sexual Experiences, Safer Sex Practices, and Potential {{HIV}} Risk Behaviors among Young Asian-American Women},
  author = {Hahm, Hyeouk Chris and Lee, Jieha and Rough, Kathryn and Strathdee, Steffanie A.},
  year = {2012},
  month = jan,
  journal = {AIDS and Behavior},
  volume = {16},
  number = {1},
  pages = {179--188},
  issn = {1090-7165, 1573-3254},
  doi = {10.1007/s10461-011-9885-2},
  language = {en}
}

@article{haslam2014,
  title = {Dehumanization and Infrahumanization},
  author = {Haslam, Nick and Loughnan, Steve},
  year = {2014},
  month = jan,
  journal = {Annual Review of Psychology},
  volume = {65},
  number = {1},
  pages = {399--423},
  publisher = {{Annual Reviews}},
  issn = {0066-4308},
  doi = {10.1146/annurev-psych-010213-115045}
}

@article{hofer2010,
  title = {The Implicit Power Motive and Sociosexuality in Men and Women: Pancultural Effects of Responsibility.},
  shorttitle = {The Implicit Power Motive and Sociosexuality in Men and Women},
  author = {Hofer, Jan and Busch, Holger and Bond, Michael Harris and Campos, Domingo and Li, Ming and Law, Ruby},
  year = {2010},
  journal = {Journal of Personality and Social Psychology},
  volume = {99},
  number = {2},
  pages = {380--394},
  issn = {1939-1315, 0022-3514},
  doi = {10.1037/a0020053},
  language = {en}
}

@article{howard1986,
  title = {Sex, Power, and Influence Tactics in Intimate Relationships.},
  author = {Howard, Judith A. and Blumstein, Philip and Schwartz, Pepper},
  year = {1986},
  journal = {Journal of Personality and Social Psychology},
  volume = {51},
  number = {1},
  pages = {102--109},
  issn = {1939-1315, 0022-3514},
  doi = {10.1037/0022-3514.51.1.102},
  language = {en}
}

@article{hsu2010,
  title = {Exploring the Effect of Sexual Empowerment on Sexual Decision Making in Female Adolescents:},
  shorttitle = {Exploring the Effect of Sexual Empowerment on Sexual Decision Making in Female Adolescents},
  author = {Hsu, Hsiu-Yueh and Lien, Yu-Fen and Lou, Jiunn-Horng and Chen, Sheng-Hwang and Wang, Ruey-Hsia},
  year = {2010},
  month = mar,
  journal = {Journal of Nursing Research},
  volume = {18},
  number = {1},
  pages = {44--52},
  issn = {1682-3141},
  doi = {10.1097/JNR.0b013e3181ce5152},
  language = {en}
}

@article{jahoda1981,
  title = {Human Groups and Social Categories. Studies in Social Psychology},
  author = {Jahoda, Marie},
  year = {1981},
  journal = {Psychological Medicine},
  volume = {11},
  number = {4},
  pages = {860--861},
  issn = {0033-2917},
  doi = {10.1017/S0033291700041374}
}

@article{jefferson2013,
  title = {Transgender Women of Color: Discrimination and Depression Symptoms},
  shorttitle = {Transgender Women of Color},
  author = {Jefferson, Kevin and Neilands, Torsten B. and Sevelius, Jae},
  year = {2013},
  journal = {Ethnicity and inequalities in health and social care},
  volume = {6},
  number = {4},
  pages = {121--136},
  issn = {1757-0980},
  doi = {10.1108/EIHSC-08-2013-0013},
  pmcid = {PMC4205968},
  pmid = {25346778}
}

@article{johnson2012,
  title = {The Dominance Behavioral System and Psychopathology: Evidence from Self-Report, Observational, and Biological Studies},
  shorttitle = {The Dominance Behavioral System and Psychopathology},
  author = {Johnson, Sheri L. and Leedom, Liane J. and Muhtadie, Luma},
  year = {2012},
  month = jul,
  journal = {Psychological Bulletin},
  volume = {138},
  number = {4},
  pages = {692--743},
  issn = {0033-2909},
  doi = {10.1037/a0027503},
  pmcid = {PMC3383914},
  pmid = {22506751}
}

@article{kaufman2008,
  title = {Gender Attitudes, Sexual Power, {{HIV}} Risk: A Model for Understanding {{HIV}} Risk Behavior of South African Men},
  shorttitle = {Gender Attitudes, Sexual Power, {{HIV}} Risk},
  author = {Kaufman, Michelle R. and Shefer, Tamara and Crawford, Mary and Simbayi, Leickness C. and Kalichman, Seth C.},
  year = {2008},
  month = apr,
  journal = {AIDS Care},
  volume = {20},
  number = {4},
  pages = {434--441},
  issn = {0954-0121, 1360-0451},
  doi = {10.1080/09540120701867057},
  language = {en}
}

@article{kelly2005,
  title = {The Effect of Nonverbal Behaviors Associated with Sexual Harassment Proclivity on Women's Performance},
  author = {Kelly, Janice R. and Murphy, Julie D. and Craig, Traci Y. and Driscoll, Denise M.},
  year = {2005},
  month = nov,
  journal = {Sex Roles},
  volume = {53},
  number = {9-10},
  pages = {689--701},
  issn = {0360-0025, 1573-2762},
  doi = {10.1007/s11199-005-7734-3},
  language = {en}
}

@article{keltner1998a,
  title = {Teasing in Hierarchical and Intimate Relations},
  author = {Keltner, Dacher and Young, Randall C. and Heerey, Erin A. and Oemig, Carmen and Monarch, Natalie D.},
  year = {1998},
  journal = {Journal of Personality and Social Psychology},
  volume = {75},
  number = {5},
  pages = {1231--1247},
  publisher = {{American Psychological Association}},
  address = {{US}},
  issn = {1939-1315(Electronic),0022-3514(Print)},
  doi = {10.1037/0022-3514.75.5.1231}
}

@article{keltner2003,
  title = {Power, Approach, and Inhibition},
  author = {Keltner, Dacher and Gruenfeld, Deborah H. and Anderson, Cameron},
  year = {2003},
  month = apr,
  journal = {Psychological Review},
  volume = {110},
  number = {2},
  pages = {265--284},
  issn = {0033-295X},
  doi = {10.1037/0033-295x.110.2.265},
  language = {eng},
  pmid = {12747524}
}

@incollection{keltner2010,
  title = {Paradoxes of Power: Dynamics of the Acquisition, Experience, and Social Regulation of Social Power.},
  booktitle = {The Social Psychology of Power.},
  author = {Keltner, Dacher and Gruenfeld, Deborah and Galinsky, Adam and Kraus, Michael W.},
  year = {2010},
  pages = {177--208},
  publisher = {{Guilford Press}},
  address = {{New York,  NY,  US}},
  isbn = {978-1-60623-619-2 (Hardcover)}
}

@article{khidir2019,
  title = {Sexual Relationship Power and Periconception {{HIV-risk}} Behavior among {{HIV-infected}} Men in Serodifferent Relationships},
  author = {Khidir, Hazar and Mosery, Nzwakie and Greener, Ross and Milford, Cecilia and Bennett, Kara and Kaida, Angela and Psaros, Christina and Safren, Steve A. and Bangsberg, David R. and Smit, Jennifer A. and Matthews, Lynn T.},
  year = {2019},
  month = jun,
  journal = {AIDS and Behavior},
  issn = {1090-7165, 1573-3254},
  doi = {10.1007/s10461-019-02536-2},
  language = {en}
}

@article{king2009,
  title = {The Origins and Evolution of Leadership},
  author = {King, Andrew J. and Johnson, Dominic D.P. and Van Vugt, Mark},
  year = {2009},
  month = oct,
  journal = {Current Biology},
  volume = {19},
  number = {19},
  pages = {R911-R916},
  issn = {09609822},
  doi = {10.1016/j.cub.2009.07.027},
  language = {en}
}

@article{kouchaki2018,
  title = {The Link between Self-Dehumanization and Immoral Behavior},
  author = {Kouchaki, Maryam and Dobson, Kyle S. H. and Waytz, Adam and Kteily, Nour S.},
  year = {2018},
  month = aug,
  journal = {Psychological Science},
  volume = {29},
  number = {8},
  pages = {1234--1246},
  publisher = {{SAGE Publications Inc}},
  issn = {0956-7976},
  doi = {10.1177/0956797618760784},
  language = {en}
}

@article{lammers2011,
  title = {Power Increases Dehumanization},
  author = {Lammers, Joris and Stapel, Diederik A.},
  year = {2011},
  month = jan,
  journal = {Group Processes \& Intergroup Relations},
  volume = {14},
  number = {1},
  pages = {113--126},
  publisher = {{SAGE Publications Ltd}},
  issn = {1368-4302},
  doi = {10.1177/1368430210370042},
  language = {en}
}

@article{laustsen2020,
  title = {Why Are Right-Wing Voters Attracted to Dominant Leaders? {{Assessing}} Competing Theories of Psychological Mechanisms},
  shorttitle = {Why Are Right-Wing Voters Attracted to Dominant Leaders?},
  author = {Laustsen, Lasse and Petersen, Michael Bang},
  year = {2020},
  month = apr,
  journal = {The Leadership Quarterly},
  series = {Special Issue on {{Evolution}} and {{Biology}} of {{Leadership}}},
  volume = {31},
  number = {2},
  pages = {101301},
  issn = {1048-9843},
  doi = {10.1016/j.leaqua.2019.06.002},
  language = {en}
}

@book{layder2009,
  title = {Intimacy and Power: The Dynamics of Personal Relationships in Modern Society},
  shorttitle = {Intimacy and Power},
  author = {Layder, Derek},
  year = {2009},
  publisher = {{Palgrave Macmillan}},
  address = {{Basingstoke}},
  isbn = {978-0-230-24514-3 978-1-349-36820-4},
  language = {en}
}

@article{lewis2002,
  title = {Beyond Dominance: The Importance of Leverage},
  shorttitle = {Beyond Dominance},
  author = {Lewis, Rebecca~J},
  year = {2002},
  month = jun,
  journal = {The Quarterly Review of Biology},
  volume = {77},
  number = {2},
  pages = {149--164},
  publisher = {{The University of Chicago Press}},
  issn = {0033-5770},
  doi = {10.1086/343899}
}

@article{lopez2012,
  title = {Relationship Power, Control, and Dating Violence among Latina Girls},
  author = {Lopez, Vera and {Chesney-Lind}, Meda and Foley, Julia},
  year = {2012},
  month = jun,
  journal = {Violence Against Women},
  volume = {18},
  number = {6},
  pages = {681--690},
  issn = {1077-8012, 1552-8448},
  doi = {10.1177/1077801212454112},
  language = {en}
}

@article{macrae2000,
  title = {Gendered Power Dynamics and {{HIV}} Risk in Drug-Using Sexual Relationships},
  author = {MacRae, R. and Aalto, E.},
  year = {2000},
  month = aug,
  journal = {AIDS Care},
  volume = {12},
  number = {4},
  pages = {505--516},
  issn = {0954-0121},
  doi = {10.1080/09540120050123909},
  pmid = {11091783}
}

@article{malamuth1996,
  title = {The Confluence Model of Sexual Aggression},
  author = {Malamuth, Neil M. and Heavey, Christopher L. and Linz, Daniel},
  year = {1996},
  month = aug,
  journal = {Journal of Offender Rehabilitation},
  volume = {23},
  number = {3-4},
  pages = {13--37},
  issn = {1050-9674},
  doi = {10.1300/J076v23n03_03}
}

@incollection{maner2016,
  title = {Dominance and Prestige},
  booktitle = {Advances in {{Experimental Social Psychology}}},
  author = {Maner, J.K. and Case, C.R.},
  year = {2016},
  volume = {54},
  pages = {129--180},
  publisher = {{Elsevier}},
  doi = {10.1016/bs.aesp.2016.02.001},
  isbn = {978-0-12-804738-5},
  language = {en}
}

@article{mohipp2008,
  title = {Graduate Students' Perceptions of Contrapower Sexual Harassment},
  author = {Mohipp, Charmaine and Senn, Charlene Y.},
  year = {2008},
  month = sep,
  journal = {Journal of Interpersonal Violence},
  volume = {23},
  number = {9},
  pages = {1258--1276},
  issn = {0886-2605, 1552-6518},
  doi = {10.1177/0886260508314299},
  language = {en}
}

@article{muldoon2015,
  title = {Sexual Relationship Power and Intimate Partner Violence among Sex Workers with Non-Commercial Intimate Partners in a Canadian Setting},
  author = {Muldoon, Katherine A. and Deering, Kathleen N. and Feng, Cindy X. and Shoveller, Jean A. and Shannon, Kate},
  year = {2015},
  month = apr,
  journal = {AIDS Care},
  volume = {27},
  number = {4},
  pages = {512--519},
  issn = {0954-0121, 1360-0451},
  doi = {10.1080/09540121.2014.978732},
  language = {en}
}

@book{nationaleparis1793,
  title = {{Collection g\'en\'erale des d\'ecrets rendus par la convention nationale}},
  author = {Nationale (Paris), Convention},
  year = {1793},
  publisher = {{chez Baudouin}},
  googlebooks = {D55aAAAAcAAJ},
  language = {fr}
}

@book{ng1980,
  title = {The Social Psychology of Power},
  author = {Ng, Sik Hung},
  year = {1980},
  publisher = {{Published in cooperation with European Association of Experimental Social Psychology by Academic Press}},
  googlebooks = {KEG3AAAAIAAJ},
  isbn = {978-0-12-518180-8},
  language = {en}
}

@article{nguyen2021,
  title = {Do Physically Stronger Males Prevail in Non-Physical Conflicts?},
  author = {Nguyen, Dan and Petersen, Michael Bang and Nafziger, Julia and Koch, Alexander Karl},
  year = {2021},
  month = jan,
  journal = {Evolution and Human Behavior},
  volume = {42},
  number = {1},
  pages = {21--29},
  issn = {1090-5138},
  doi = {10.1016/j.evolhumbehav.2020.06.003},
  language = {en}
}

@article{nullmeier2010,
  title = {The Implicit Normativity of Political Practices. Analyzing the Dynamics and Power Relations of Committee Decision-Making},
  author = {Nullmeier, Frank and Pritzlaff, Tanja},
  year = {2010},
  month = apr,
  journal = {Critical Policy Studies},
  volume = {3},
  number = {3-4},
  pages = {357--374},
  issn = {1946-0171},
  doi = {10.1080/19460171003619758}
}

@inproceedings{oladeji2008,
  title = {Gender Roles and Norms Factors Influencing Reproductive Behavior among Couples in Ibadan, Nigeria},
  author = {Oladeji, David},
  year = {2008},
  doi = {10.1080/09720073.2008.11891037}
}

@article{overbeck2006,
  title = {Powerful Perceivers, Powerless Objects: Flexibility of Powerholders' Social Attention},
  shorttitle = {Powerful Perceivers, Powerless Objects},
  author = {Overbeck, Jennifer R. and Park, Bernadette},
  year = {2006},
  month = mar,
  journal = {Organizational Behavior and Human Decision Processes},
  volume = {99},
  number = {2},
  pages = {227--243},
  issn = {07495978},
  doi = {10.1016/j.obhdp.2005.10.003},
  language = {en}
}

@article{papanek1972,
  title = {Pathology of Power Striving and Its Treatment},
  author = {Papanek, Helene},
  year = {1972},
  month = may,
  journal = {Journal of Individual Psychology; Chicago, Ill.},
  volume = {28},
  number = {1},
  pages = {25--32},
  issn = {0022-1805},
  language = {English}
}

@article{perry2016,
  title = {Relationship Power, Sociodemographics, and Their Relative Influence on Sexual Agreements among Gay Male Couples},
  author = {Perry, Nicholas S. and Huebner, David M. and Baucom, Brian R. and Hoff, Colleen C.},
  year = {2016},
  month = jun,
  journal = {AIDS and Behavior},
  volume = {20},
  number = {6},
  pages = {1302--1314},
  issn = {1090-7165, 1573-3254},
  doi = {10.1007/s10461-015-1196-6},
  language = {en}
}

@article{petersen2013,
  title = {The Ancestral Logic of Politics: Upper-Body Strength Regulates Men's Assertion of Self-Interest over Economic Redistribution},
  shorttitle = {The Ancestral Logic of Politics},
  author = {Petersen, Michael Bang and Sznycer, Daniel and Sell, Aaron and Cosmides, Leda and Tooby, John},
  year = {2013},
  month = jul,
  journal = {Psychological Science},
  volume = {24},
  number = {7},
  pages = {1098--1103},
  publisher = {{SAGE Publications Inc}},
  issn = {0956-7976},
  doi = {10.1177/0956797612466415},
  language = {en}
}

@article{petersen2017,
  title = {Assessing Causal Pathways between Physical Formidability and Aggression in Human Males},
  author = {Petersen, Michael Bang and Dawes, Christopher T.},
  year = {2017},
  month = jul,
  journal = {Personality and Individual Differences},
  volume = {113},
  pages = {161--166},
  issn = {0191-8869},
  doi = {10.1016/j.paid.2017.03.022},
  language = {en}
}

@incollection{petersen2018,
  title = {Facial Displays of Dominance in Non-Human Primates},
  booktitle = {The {{Facial Displays}} of {{Leaders}}},
  author = {Petersen, Rachel M. and Dubuc, Constance and Higham, James P.},
  editor = {Senior, Carl},
  year = {2018},
  pages = {123--143},
  publisher = {{Springer International Publishing}},
  address = {{Cham}},
  doi = {10.1007/978-3-319-94535-4_6},
  isbn = {978-3-319-94535-4},
  language = {en}
}

@article{petersen2020,
  title = {Dominant Leaders and the Political Psychology of Followership},
  author = {Petersen, Michael Bang and Laustsen, Lasse},
  year = {2020},
  month = jun,
  journal = {Current Opinion in Psychology},
  series = {Power, {{Status}} and {{Hierarchy}}},
  volume = {33},
  pages = {136--141},
  issn = {2352-250X},
  doi = {10.1016/j.copsyc.2019.07.005},
  language = {en}
}

@article{petty2008,
  title = {Psychological Processes Underlying Persuasion: A Social Psychological Approach},
  shorttitle = {Psychological Processes Underlying Persuasion},
  author = {Petty, Richard E. and Bri{\~n}ol, Pablo},
  year = {2008},
  month = feb,
  journal = {Diogenes},
  volume = {55},
  number = {1},
  pages = {52--67},
  issn = {0392-1921, 1467-7695},
  doi = {10.1177/0392192107087917},
  language = {en}
}

@article{pinkley1994,
  title = {The Impact of Alternatives to Settlement in Dyadic Negotiation},
  author = {Pinkley, Robin L. and Neale, Margaret A. and Bennett, Rebecca J.},
  year = {1994},
  month = jan,
  journal = {Organizational Behavior and Human Decision Processes},
  volume = {57},
  number = {1},
  pages = {97--116},
  issn = {0749-5978},
  doi = {10.1006/obhd.1994.1006},
  language = {en}
}

@article{popovich2010,
  title = {The Role of Power in Sexual Harassment as a Counterproductive Behavior in Organizations},
  author = {Popovich, Paula M. and Warren, Michael A.},
  year = {2010},
  month = mar,
  journal = {Human Resource Management Review},
  volume = {20},
  number = {1},
  pages = {45--53},
  issn = {10534822},
  doi = {10.1016/j.hrmr.2009.05.003},
  language = {en}
}

@article{potts2005,
  title = {Why Can't a Man Be More like a Woman?},
  author = {Potts, Malcolm},
  year = {2005},
  volume = {106},
  number = {5},
  pages = {6},
  language = {en}
}

@article{ragsdale2009,
  title = {Relationship Power, Acculturation, and Sexual Risk Behavior among Low-Income Latinas of Mexican or Puerto Rican Ethnicity},
  author = {Ragsdale, Kathleen and {Gore-Felton}, Cheryl and Koopman, Cheryl and Seal, David W.},
  year = {2009},
  month = mar,
  journal = {Sexuality Research and Social Policy},
  volume = {6},
  number = {1},
  pages = {56--69},
  issn = {1868-9884, 1553-6610},
  doi = {10.1525/srsp.2009.6.1.56},
  language = {en}
}

@article{richeson2003,
  title = {Effects of Situational Power on Automatic Racial Prejudice},
  author = {Richeson, Jennifer A and Ambady, Nalini},
  year = {2003},
  month = mar,
  journal = {Journal of Experimental Social Psychology},
  volume = {39},
  number = {2},
  pages = {177--183},
  issn = {0022-1031},
  doi = {10.1016/S0022-1031(02)00521-8},
  language = {en}
}

@article{riley1997,
  title = {Gender, Power, and Population Change},
  author = {Riley, N. E.},
  year = {1997},
  month = may,
  journal = {Population Bulletin},
  volume = {52},
  number = {1},
  pages = {[2], 1--48},
  issn = {0032-468X},
  language = {eng},
  pmid = {12320868}
}

@article{ristock2003,
  title = {Exploring Dynamics of Abusive Lesbian Relationships: Preliminary Analysis of a Multisite, Qualitative Study},
  shorttitle = {Exploring Dynamics of Abusive Lesbian Relationships},
  author = {Ristock, Janice L.},
  year = {2003},
  month = jun,
  journal = {American Journal of Community Psychology},
  volume = {31},
  number = {3},
  pages = {329--341},
  issn = {1573-2770},
  doi = {10.1023/A:1023971006882},
  language = {en}
}

@article{rodriguezbailon2000,
  title = {Why Do Superiors Attend to Negative Stereotypic Information about Their Subordinates? {{Effects}} of Power Legitimacy on Social Perception},
  shorttitle = {Why Do Superiors Attend to Negative Stereotypic Information about Their Subordinates?},
  author = {Rodr{\'i}guez-Bail{\'o}n, Rosa and Moya, Miguel and Yzerbyt, Vincent},
  year = {2000},
  journal = {European Journal of Social Psychology},
  volume = {30},
  number = {5},
  pages = {651--671},
  issn = {1099-0992},
  doi = {10.1002/1099-0992(200009/10)30:5<651::AID-EJSP13>3.0.CO;2-O},
  copyright = {Copyright \textcopyright{} 2000 John Wiley \& Sons, Ltd.},
  language = {en}
}

@article{rosenthal2012,
  title = {Social Dominance Orientation Relates to Believing Men Should Dominate Sexually, Sexual Self-Efficacy, and Taking Free Female Condoms among Undergraduate Women and Men},
  author = {Rosenthal, Lisa and Levy, Sheri R. and Earnshaw, Valerie A.},
  year = {2012},
  month = dec,
  journal = {Sex Roles},
  volume = {67},
  number = {11-12},
  pages = {659--669},
  issn = {0360-0025, 1573-2762},
  doi = {10.1007/s11199-012-0207-6},
  language = {en}
}

@article{rucker2008,
  title = {{Desire to acquire: powerlessness and compensatory consumption}},
  shorttitle = {{Desire to acquire}},
  author = {Rucker, Derek and Galinsky, Adam D.},
  year = {2008},
  month = aug,
  journal = {Journal of Consumer Research},
  volume = {35},
  number = {2},
  pages = {257--267},
  issn = {0093-5301},
  doi = {10.1086/588569},
  language = {English (US)}
}

@article{salancik1974,
  title = {The Bases and Use of Power in Organizational Decision Making: The Case of a University},
  shorttitle = {The Bases and Use of Power in Organizational Decision Making},
  author = {Salancik, Gerald R. and Pfeffer, Jeffrey},
  year = {1974},
  month = dec,
  journal = {Administrative Science Quarterly},
  volume = {19},
  number = {4},
  pages = {453},
  issn = {00018392},
  doi = {10.2307/2391803}
}

@article{schonbrodt2012,
  title = {An {{IRT}} Analysis of Motive Questionnaires: The Unified Motive Scales},
  shorttitle = {An {{IRT}} Analysis of Motive Questionnaires},
  author = {Sch{\"o}nbrodt, Felix D. and Gerstenberg, Friederike X.R.},
  year = {2012},
  month = dec,
  journal = {Journal of Research in Personality},
  volume = {46},
  number = {6},
  pages = {725--742},
  issn = {00926566},
  doi = {10.1016/j.jrp.2012.08.010},
  language = {en}
}

@article{shukla1982,
  title = {Influence of Power Bases in Organizational Decision Making: A Contingency Model*},
  shorttitle = {Influence of Power Bases in Organizational Decision Making},
  author = {Shukla, Ramesh K.},
  year = {1982},
  journal = {Decision Sciences},
  volume = {13},
  number = {3},
  pages = {450--470},
  issn = {1540-5915},
  doi = {10.1111/j.1540-5915.1982.tb00161.x},
  language = {en}
}

@article{sidanius2000,
  title = {Social Dominance Orientation, Anti-Egalitarianism and the Political Psychology of Gender: An Extension and Cross-Cultural Replication},
  shorttitle = {Social Dominance Orientation, Anti-Egalitarianism and the Political Psychology of Gender},
  author = {Sidanius, Jim and Levin, Shana and Liu, James and Pratto, Felicia},
  year = {2000},
  journal = {European Journal of Social Psychology},
  volume = {30},
  number = {1},
  pages = {41--67},
  issn = {1099-0992},
  doi = {10.1002/(SICI)1099-0992(200001/02)30:1<41::AID-EJSP976>3.0.CO;2-O},
  language = {en}
}

@incollection{simpson2015,
  title = {Power and Social Influence in Relationships.},
  booktitle = {{{APA}} Handbook of Personality and Social Psychology, {{Volume}} 3: {{Interpersonal}} Relations.},
  author = {Simpson, Jeffry A. and Farrell, Allison K. and Ori{\~n}a, M. Minda and Rothman, Alexander J.},
  editor = {Mikulincer, Mario and Shaver, Phillip R. and Simpson, Jeffry A. and Dovidio, John F.},
  year = {2015},
  pages = {393--420},
  publisher = {{American Psychological Association}},
  address = {{Washington}},
  doi = {10.1037/14344-015},
  isbn = {978-1-4338-1703-8},
  language = {en}
}

@book{sinfield2004,
  title = {On Sexuality and Power},
  author = {Sinfield, Alan},
  year = {2004},
  month = dec,
  publisher = {{Columbia University Press}},
  isbn = {978-0-231-50866-7}
}

@article{smith2016,
  title = {Paradoxes of Dehumanization},
  author = {Smith, David Livingstone},
  year = {2016},
  journal = {Social Theory and Practice},
  volume = {42},
  number = {2},
  pages = {416--443},
  publisher = {{Florida State University Department of Philosophy}},
  issn = {0037-802X},
  doi = {10.5840/soctheorpract201642222}
}

@article{smith2021,
  title = {An Evolutionary Explanation for the Female Leadership Paradox},
  author = {Smith, Jennifer E. and {von Rueden}, Christopher R. and {van Vugt}, Mark and Fichtel, Claudia and Kappeler, Peter M.},
  year = {2021},
  journal = {Frontiers in Ecology and Evolution},
  volume = {0},
  publisher = {{Frontiers}},
  issn = {2296-701X},
  doi = {10.3389/fevo.2021.676805},
  language = {English}
}

@article{stewart1976,
  title = {Arousal of the Power Motive in Women},
  author = {Stewart, Abigail J. and Winter, David G.},
  year = {1976},
  month = jun,
  journal = {Journal of Consulting},
  volume = {44},
  number = {3},
  pages = {495--496},
  issn = {0022-006X},
  doi = {10.1037/0022-006X.44.3.495},
  language = {English.},
  lccn = {00004730-197606000-00029}
}

@article{stewart1977,
  title = {The Nature and Causes of Female Suppression},
  author = {Stewart, Abigail J. and Winter, David G.},
  year = {1977},
  journal = {Signs},
  volume = {2},
  number = {3},
  pages = {531--553},
  issn = {0097-9740},
  doi = {10.1086/493386}
}

@article{suessenbach2019,
  title = {The Dominance, Prestige, and Leadership Account of Social Power Motives},
  author = {Suessenbach, Felix and Loughnan, Steve and Sch{\"o}nbrodt, Felix D. and Moore, Adam B.},
  year = {2019},
  month = jan,
  journal = {European Journal of Personality},
  volume = {33},
  number = {1},
  pages = {7--33},
  issn = {0890-2070, 1099-0984},
  doi = {10.1002/per.2184},
  language = {en}
}

@article{tjosvold1985,
  title = {Power and Social Context in Superior-Subordinate Interaction},
  author = {Tjosvold, Dean},
  year = {1985},
  month = jun,
  journal = {Organizational Behavior and Human Decision Processes},
  volume = {35},
  number = {3},
  pages = {281--293},
  issn = {0749-5978},
  doi = {10.1016/0749-5978(85)90025-1},
  language = {en}
}

@article{vanderijt2006,
  title = {Power and Dependence in Intimate Exchange},
  author = {{van de Rijt}, A. and Macy, M. W.},
  year = {2006},
  month = mar,
  journal = {Social Forces},
  volume = {84},
  number = {3},
  pages = {1455--1470},
  issn = {0037-7732, 1534-7605},
  doi = {10.1353/sof.2006.0072},
  language = {en}
}

@article{vanvugt2006,
  title = {Evolutionary Origins of Leadership and Followership},
  author = {Van Vugt, Mark},
  year = {2006},
  month = nov,
  journal = {Personality and Social Psychology Review},
  volume = {10},
  number = {4},
  pages = {354--371},
  issn = {1088-8683, 1532-7957},
  doi = {10.1207/s15327957pspr1004_5},
  language = {en}
}

@article{volpe2013,
  title = {What's Age Got to Do with It? {{Partner}} Age Difference, Power, Intimate Partner Violence, and Sexual Risk in Urban Adolescents},
  shorttitle = {What's Age Got to Do with It?},
  author = {Volpe, Ellen M. and Hardie, Thomas L. and Cerulli, Catherine and Sommers, Marilyn S. and {Morrison-Beedy}, Dianne},
  year = {2013},
  month = jul,
  journal = {Journal of Interpersonal Violence},
  volume = {28},
  number = {10},
  pages = {2068--2087},
  issn = {0886-2605, 1552-6518},
  doi = {10.1177/0886260512471082},
  language = {en}
}

@article{vugt2014,
  title = {The Evolutionary Psychology of Leadership: Theory, Review, and Roadmap},
  shorttitle = {The Evolutionary Psychology of Leadership},
  author = {van Vugt, Mark and Ronay, Richard},
  year = {2014},
  month = feb,
  journal = {Organizational Psychology Review},
  volume = {4},
  number = {1},
  pages = {74--95},
  publisher = {{SAGE Publications}},
  issn = {2041-3866},
  doi = {10.1177/2041386613493635},
  language = {en}
}

@article{wagner2012,
  title = {A Qualitative Exploration of Sexual Risk and {{HIV}} Testing Behaviors among Men Who Have Sex with Men in Beirut, Lebanon},
  author = {Wagner, Glenn J. and Aunon, Frances M. and Kaplan, Rachel L. and Rana, Yashodhara and Khouri, Danielle and Tohme, Johnny and Mokhbat, Jacques},
  year = {2012},
  month = sep,
  journal = {PLoS ONE},
  volume = {7},
  number = {9},
  issn = {1932-6203},
  doi = {10.1371/journal.pone.0045566},
  pmcid = {PMC3445492},
  pmid = {23029103}
}

@article{williams2017,
  title = {Sexual Aggression When Power Is New: Effects of Acute High Power on Chronically Low-Power Individuals.},
  shorttitle = {Sexual Aggression When Power Is New},
  author = {Williams, Melissa J. and Gruenfeld, Deborah H. and Guillory, Lucia E.},
  year = {2017},
  journal = {Journal of Personality and Social Psychology},
  volume = {112},
  number = {2},
  pages = {201--223},
  issn = {1939-1315, 0022-3514},
  doi = {10.1037/pspi0000068},
  language = {en}
}

@article{wingood2000,
  title = {Application of the Theory of Gender and Power to Examine {{HIV-related}} Exposures, Risk Factors, and Effective Interventions for Women},
  author = {Wingood, Gina M. and DiClemente, Ralph J.},
  year = {2000},
  month = oct,
  journal = {Health Education \& Behavior},
  volume = {27},
  number = {5},
  pages = {539--565},
  issn = {1090-1981, 1552-6127},
  doi = {10.1177/109019810002700502},
  language = {en}
}

@article{winter1985,
  title = {Responsibility and the Power Motive in Women and Men},
  author = {Winter, David G and Barenbaum, Nicole B},
  year = {1985},
  month = jun,
  journal = {Journal of Personality},
  volume = {53},
  number = {2},
  pages = {335--355},
  issn = {0022-3506, 1467-6494},
  doi = {10.1111/j.1467-6494.1985.tb00369.x},
  language = {en}
}

@article{winter1988,
  title = {The Power Motive in Women\textemdash and Men},
  author = {Winter, David G.},
  year = {1988},
  journal = {Journal of Personality and Social Psychology},
  volume = {54},
  number = {3},
  pages = {510--519},
  publisher = {{American Psychological Association}},
  address = {{US}},
  issn = {1939-1315(Electronic),0022-3514(Print)},
  doi = {10.1037/0022-3514.54.3.510}
}

@article{winter1993,
  title = {Power, Affiliation, and War: Three Tests of a Motivational Model.},
  shorttitle = {Power, Affiliation, and War},
  author = {Winter, David G.},
  year = {1993},
  journal = {Journal of Personality and Social Psychology},
  volume = {65},
  number = {3},
  pages = {532--545},
  issn = {1939-1315, 0022-3514},
  doi = {10.1037/0022-3514.65.3.532},
  language = {en}
}

@article{winter2000,
  title = {Power, Sex, and Violence: A Psychological Reconstruction of the 20th Century and an Intellectual Agenda for Political Psychology},
  shorttitle = {Power, Sex, and Violence},
  author = {Winter, David G.},
  year = {2000},
  journal = {Political Psychology},
  volume = {21},
  number = {2},
  pages = {383--404},
  issn = {0162-895X},
  doi = {10.1111/0162-895X.00194}
}

@article{winter2010,
  title = {Circulating Metaphors of Sexuality, Aggression, and Power: Otto Rank's Analysis of "{{Conquering}} Cities and 'conquering' Women"},
  shorttitle = {Circulating Metaphors of Sexuality, Aggression, and Power},
  author = {Winter, David G. and Rank, Otto},
  year = {2010},
  journal = {Political Psychology},
  volume = {31},
  number = {1},
  pages = {1--19},
  issn = {0162-895X},
  doi = {10.1111/j.1467-9221.2009.00741_1.x}
}

@article{winter2016,
  title = {Taming Power: Generative Historical Consciousness.},
  shorttitle = {Taming Power},
  author = {Winter, David G.},
  year = {2016},
  journal = {American Psychologist},
  volume = {71},
  number = {3},
  pages = {160--174},
  issn = {1935-990X, 0003-066X},
  doi = {10.1037/a0039312},
  language = {en}
}

@article{witkower2020,
  title = {Two Signals of Social Rank: Prestige and Dominance Are Associated with Distinct Nonverbal Displays},
  shorttitle = {Two Signals of Social Rank},
  author = {Witkower, Zachary and Tracy, Jessica L. and Cheng, Joey T. and Henrich, Joseph},
  year = {2020},
  journal = {Journal of Personality and Social Psychology},
  volume = {118},
  number = {1},
  pages = {89--120},
  publisher = {{American Psychological Association}},
  address = {{US}},
  issn = {1939-1315(Electronic),0022-3514(Print)},
  doi = {10.1037/pspi0000181}
}

@article{worley2014,
  title = {Exploring the Associations between Relational Uncertainty, Jealousy about Partner's Friendships, and Jealousy Expression in Dating Relationships},
  author = {Worley, Timothy and Samp, Jennifer},
  year = {2014},
  month = sep,
  journal = {Communication Studies},
  volume = {65},
  number = {4},
  pages = {370--388},
  issn = {1051-0974, 1745-1035},
  doi = {10.1080/10510974.2013.833529},
  language = {en}
}

@article{yang2015,
  title = {The Impact of Power on Humanity: Self-Dehumanization in Powerlessness},
  shorttitle = {The Impact of Power on Humanity},
  author = {Yang, Wenqi and Jin, Shenghua and He, Surina and Fan, Qian and Zhu, Yijie},
  year = {2015},
  month = may,
  journal = {PLOS ONE},
  volume = {10},
  number = {5},
  pages = {e0125721},
  publisher = {{Public Library of Science}},
  issn = {1932-6203},
  doi = {10.1371/journal.pone.0125721},
  language = {en}
}

@article{zakaras2017,
  title = {A Qualitative Investigation of the Impact of a Livelihood Intervention on Gendered Power and Sexual Risk Behaviors among {{HIV-positive}} Adults in Rural Kenya},
  author = {Zakaras, Jennifer M. and Weiser, Sheri D. and Hatcher, Abigail M. and Weke, Elly and Burger, Rachel L. and Cohen, Craig R. and Bukusi, Elizabeth A. and Dworkin, Shari L.},
  year = {2017},
  month = may,
  journal = {Archives of Sexual Behavior},
  volume = {46},
  number = {4},
  pages = {1121--1133},
  issn = {0004-0002, 1573-2800},
  doi = {10.1007/s10508-016-0828-x},
  language = {en}
}

@article{zurbriggen2000,
  title = {Social Motives and Cognitive Power\textendash Sex Associations: Predictors of Aggressive Sexual Behavior.},
  shorttitle = {Social Motives and Cognitive Power\textendash Sex Associations},
  author = {Zurbriggen, Eileen L.},
  year = {2000},
  journal = {Journal of Personality and Social Psychology},
  volume = {78},
  number = {3},
  pages = {559--581},
  issn = {1939-1315, 0022-3514},
  doi = {10.1037/0022-3514.78.3.559},
  language = {en}
}

@article{zurbriggen2011,
  title = {Implicit Motives and Sexual Conservatism as Predictors of Sexual Behaviors},
  author = {Zurbriggen, Eileen L.},
  year = {2011},
  month = sep,
  journal = {The Journal of Social Psychology},
  volume = {151},
  number = {5},
  pages = {535--555},
  issn = {0022-4545, 1940-1183},
  doi = {10.1080/00224540903365372},
  language = {en}
}

