@misc{2022a,
  title = {Data Tidying},
  year = {2022},
  month = oct
}

@misc{aust2020,
  title = {Papaja: Prepare Reproducible {{APA}} Journal Articles with {{R}} Markdown},
  author = {Aust, Frederick and Barth, Marius},
  year = {2020}
}

@article{burkner2017,
  title = {Brms: An {{R}} Package for Bayesian Multilevel Models Using Stan},
  shorttitle = {Brms},
  author = {B{\"u}rkner, Paul-Christian},
  year = {2017},
  month = aug,
  journal = {Journal of Statistical Software},
  volume = {80},
  number = {1},
  pages = {1--28},
  issn = {1548-7660},
  doi = {10.18637/jss.v080.i01},
  copyright = {Copyright (c) 2017 Paul-Christian B\"urkner},
  language = {en}
}

@article{burkner2018,
  title = {Advanced Bayesian Multilevel Modeling with the {{R}} Package Brms},
  author = {B{\"u}rkner, Paul-Christian},
  year = {2018},
  journal = {The R Journal},
  volume = {10},
  number = {1},
  pages = {395--411},
  issn = {2073-4859},
  doi = {10.32614/RJ-2018-017},
  language = {en}
}

@techreport{dienes2020,
  title = {How to Use and Report Bayesian Hypothesis Tests},
  author = {Dienes, Zoltan},
  year = {2020},
  month = apr,
  institution = {{PsyArXiv}},
  doi = {10.31234/osf.io/bua5n}
}

@article{dunn2020,
  title = {Can Researchers' Personal Characteristics Shape Their Statistical Inferences?},
  author = {Dunn, Elizabeth W. and Chen, Lihan and Proulx, Jason D. E. and Ehrlinger, Joyce and Savalei, Victoria},
  year = {2020},
  month = aug,
  journal = {Personality and Social Psychology Bulletin},
  pages = {0146167220950522},
  publisher = {{SAGE Publications Inc}},
  issn = {0146-1672},
  doi = {10.1177/0146167220950522},
  language = {en}
}

@misc{gabry2021,
  title = {Cmdstanr: {{R}} Interface to '{{CmdStan}}'},
  author = {Gabry, Jonah and Cesnovar, Rok},
  year = {2021}
}

@article{makowski2019,
  title = {{{bayestestR}}: Describing Effects and Their Uncertainty, Existence and Significance within the Bayesian Framework.},
  author = {Makowski, Dominique and {Ben-Shachar}, M and Ludecke, Daniel},
  year = {2019},
  journal = {Journal of Open Source Software},
  volume = {4},
  number = {40},
  doi = {10.21105/joss.01541}
}

@article{merkle2021,
  title = {Efficient Bayesian Structural Equation Modeling in {\emph{Stan}}},
  author = {Merkle, Edgar C. and Fitzsimmons, Ellen and Uanhoro, James and Goodrich, Ben},
  year = {2021},
  journal = {Journal of Statistical Software},
  volume = {100},
  number = {6},
  issn = {1548-7660},
  doi = {10.18637/jss.v100.i06},
  language = {en}
}

@misc{rcoreteam2021,
  title = {R: A Language and Environment for Statistical Computing},
  author = {{R Core Team}},
  year = {2021},
  address = {{Vienna, Austria}},
  howpublished = {R Foundation for Statistical Computing}
}

