@article{berry2018,
  title = {Does Being Drunk or High Cause {{HIV}} Sexual Risk Behavior? {{A}} Systematic Review of Drug Administration Studies},
  shorttitle = {Does Being Drunk or High Cause {{HIV}} Sexual Risk Behavior?},
  author = {Berry, Meredith S. and Johnson, Matthew W.},
  year = {2018},
  month = jan,
  journal = {Pharmacology Biochemistry and Behavior},
  volume = {164},
  pages = {125--138},
  issn = {00913057},
  doi = {10.1016/j.pbb.2017.08.009},
  language = {en}
}

@article{dariotis2015,
  title = {Sexual Discounting among High-Risk Youth Ages 18\textendash 24: Implications for Sexual and Substance Use Risk Behaviors.},
  shorttitle = {Sexual Discounting among High-Risk Youth Ages 18\textendash 24},
  author = {Dariotis, Jacinda K. and Johnson, Matthew W.},
  year = {2015},
  journal = {Experimental and Clinical Psychopharmacology},
  volume = {23},
  number = {1},
  pages = {49--58},
  issn = {1936-2293, 1064-1297},
  doi = {10.1037/a0038399},
  language = {en}
}

@article{fast2012,
  title = {Power and Overconfident Decision-Making},
  author = {Fast, Nathanael J. and Sivanathan, Niro and Mayer, Nicole D. and Galinsky, Adam D.},
  year = {2012},
  month = mar,
  journal = {Organizational Behavior and Human Decision Processes},
  volume = {117},
  number = {2},
  pages = {249--260},
  issn = {07495978},
  doi = {10.1016/j.obhdp.2011.11.009},
  language = {en}
}

@article{handgraaf2008,
  title = {Less Power or Powerless? {{Egocentric}} Empathy Gaps and the Irony of Having Little versus No Power in Social Decision Making.},
  shorttitle = {Less Power or Powerless?},
  author = {Handgraaf, Michel J. J. and Van Dijk, Eric and Vermunt, Ri{\"e}l C. and Wilke, Henk A. M. and De Dreu, Carsten K. W.},
  year = {2008},
  journal = {Journal of Personality and Social Psychology},
  volume = {95},
  number = {5},
  pages = {1136--1149},
  issn = {1939-1315, 0022-3514},
  doi = {10.1037/0022-3514.95.5.1136},
  language = {en}
}

@article{howard1986,
  title = {Sex, Power, and Influence Tactics in Intimate Relationships.},
  author = {Howard, Judith A. and Blumstein, Philip and Schwartz, Pepper},
  year = {1986},
  journal = {Journal of Personality and Social Psychology},
  volume = {51},
  number = {1},
  pages = {102--109},
  issn = {1939-1315, 0022-3514},
  doi = {10.1037/0022-3514.51.1.102},
  language = {en}
}

@article{lammers2009,
  title = {How Power Influences Moral Thinking.},
  author = {Lammers, Joris and Stapel, Diederik A.},
  year = {2009},
  journal = {Journal of Personality and Social Psychology},
  volume = {97},
  number = {2},
  pages = {279--289},
  issn = {1939-1315, 0022-3514},
  doi = {10.1037/a0015437},
  language = {en}
}

@article{moore2008,
  title = {Who Shalt Not Kill? {{Individual}} Differences in Working Memory Capacity, Executive Control, and Moral Judgment},
  shorttitle = {Who Shalt Not Kill?},
  author = {Moore, Adam B. and Clark, Brian A. and Kane, Michael J.},
  year = {2008},
  month = jun,
  journal = {Psychological Science},
  volume = {19},
  number = {6},
  pages = {549--557},
  issn = {0956-7976, 1467-9280},
  doi = {10.1111/j.1467-9280.2008.02122.x},
  language = {en}
}

@article{moore2011,
  title = {Individual Differences in Sensitivity to Reward and Punishment Predict Moral Judgment},
  author = {Moore, Adam B. and Stevens, Julianna and Conway, Andrew R.A.},
  year = {2011},
  month = apr,
  journal = {Personality and Individual Differences},
  volume = {50},
  number = {5},
  pages = {621--625},
  issn = {01918869},
  doi = {10.1016/j.paid.2010.12.006},
  language = {en}
}

@article{pulerwitz2000,
  title = {Measuring Sexual Relationships in {{HIV}}/{{STD}} Research},
  author = {Pulerwitz, Julie and Gortmaker, S and DeJong, William},
  year = {2000},
  journal = {Sex Roles},
  volume = {42},
  number = {7},
  pages = {637--660},
  doi = {10.1023/A:1007051506972}
}

@article{salancik1974,
  title = {The Bases and Use of Power in Organizational Decision Making: The Case of a University},
  shorttitle = {The Bases and Use of Power in Organizational Decision Making},
  author = {Salancik, Gerald R. and Pfeffer, Jeffrey},
  year = {1974},
  month = dec,
  journal = {Administrative Science Quarterly},
  volume = {19},
  number = {4},
  pages = {453},
  issn = {00018392},
  doi = {10.2307/2391803}
}

@article{stone1980,
  title = {Systemic Power in Community Decision Making: A Restatement of Stratification Theory},
  shorttitle = {Systemic Power in Community Decision Making},
  author = {Stone, Clarence N.},
  year = {1980},
  month = dec,
  journal = {American Political Science Review},
  volume = {74},
  number = {04},
  pages = {978--990},
  issn = {0003-0554, 1537-5943},
  doi = {10.2307/1954317},
  language = {en}
}

@article{suessenbach2015,
  title = {Individual Differences in the Explicit Power Motive Predict ``Utilitarian'' Choices in Moral Dilemmas, Especially When This Choice Is Self-Beneficial},
  author = {Suessenbach, Felix and Moore, Adam B.},
  year = {2015},
  month = nov,
  journal = {Personality and Individual Differences},
  volume = {86},
  pages = {297--302},
  issn = {01918869},
  doi = {10.1016/j.paid.2015.06.031},
  language = {en}
}

@article{worth1989,
  title = {Sexual Decision-Making and {{AIDS}}: Why Condom Promotion among Vulnerable Women Is Likely to Fail},
  shorttitle = {Sexual Decision-Making and {{AIDS}}},
  author = {Worth, Dooley},
  year = {1989},
  month = nov,
  journal = {Studies in Family Planning},
  volume = {20},
  number = {6},
  pages = {297},
  issn = {00393665},
  doi = {10.2307/1966433}
}

