@article{ames2006,
  title = {The {{NPI-16}} as a Short Measure of Narcissism},
  author = {Ames, Daniel R. and Rose, Paul and Anderson, Cameron P.},
  year = {2006},
  month = aug,
  journal = {Journal of Research in Personality},
  volume = {40},
  number = {4},
  pages = {440--450},
  issn = {00926566},
  doi = {10.1016/j.jrp.2005.03.002},
  language = {en}
}

@article{currie2004,
  title = {The Short Internalized Homonegativity Scale: Examination of the Factorial Structure of a New Measure of Internalized Homophobia},
  shorttitle = {The Short Internalized Homonegativity Scale},
  author = {Currie, Matthew R. and Cunningham, Everarda G. and Findlay, Bruce M.},
  year = {2004},
  month = dec,
  journal = {Educational and Psychological Measurement},
  volume = {64},
  number = {6},
  pages = {1053--1067},
  publisher = {{SAGE Publications Inc}},
  issn = {0013-1644},
  doi = {10.1177/0013164404264845}
}

@article{hine2021,
  title = {Development and Validation of the Male Rape Myth Acceptance Scale ({{MRMAS}})},
  author = {Hine, Benjamin A. and Murphy, Anthony D. and Churchyard, Jamie S.},
  year = {2021},
  month = jun,
  journal = {Heliyon},
  volume = {7},
  number = {6},
  pages = {e07421},
  issn = {2405-8440},
  doi = {10.1016/j.heliyon.2021.e07421},
  language = {en}
}

@article{jost2005,
  title = {Exposure to Benevolent Sexism and Complementary Gender Stereotypes: Consequences for Specific and Diffuse Forms of System Justification.},
  shorttitle = {Exposure to Benevolent Sexism and Complementary Gender Stereotypes},
  author = {Jost, John T. and Kay, Aaron C.},
  year = {2005},
  journal = {Journal of Personality and Social Psychology},
  volume = {88},
  number = {3},
  pages = {498--509},
  issn = {1939-1315, 0022-3514},
  doi = {10.1037/0022-3514.88.3.498},
  language = {en}
}

@article{marcus2014,
  title = {The Psychology of Spite and the Measurement of Spitefulness.},
  author = {Marcus, David K. and {Zeigler-Hill}, Virgil and Mercer, Sterett H. and Norris, Alyssa L.},
  year = {2014},
  journal = {Psychological Assessment},
  volume = {26},
  number = {2},
  pages = {563--574},
  issn = {1939-134X, 1040-3590},
  doi = {10.1037/a0036039},
  language = {en}
}

@article{pincus2009,
  title = {Initial Construction and Validation of the Pathological Narcissism Inventory.},
  author = {Pincus, Aaron L. and Ansell, Emily B. and Pimentel, Claudia A. and Cain, Nicole M. and Wright, Aidan G. C. and Levy, Kenneth N.},
  year = {2009},
  month = sep,
  journal = {Psychological Assessment},
  volume = {21},
  number = {3},
  pages = {365--379},
  issn = {1939-134X, 1040-3590},
  doi = {10.1037/a0016530},
  language = {en}
}

@article{schoenleber2015,
  title = {Development of a Brief Version of the Pathological Narcissism Inventory.},
  author = {Schoenleber, Michelle and Roche, Michael J. and Wetzel, Eunike and Pincus, Aaron L. and Roberts, Brent W.},
  year = {2015},
  month = dec,
  journal = {Psychological Assessment},
  volume = {27},
  number = {4},
  pages = {1520--1526},
  issn = {1939-134X, 1040-3590},
  doi = {10.1037/pas0000158},
  language = {en}
}

@article{spiegel2019,
  title = {Attention Deficit/Hyperactivity Disorder and Increased Engagement in Sexual Risk-Taking Behavior: The Role of Benefit Perception},
  shorttitle = {Attention Deficit/Hyperactivity Disorder and Increased Engagement in Sexual Risk-Taking Behavior},
  author = {Spiegel, Tali and Pollak, Yehuda},
  year = {2019},
  journal = {Frontiers in Psychology},
  volume = {0},
  publisher = {{Frontiers}},
  issn = {1664-1078},
  doi = {10.3389/fpsyg.2019.01043},
  language = {English}
}

@article{thelan2021,
  title = {The Illinois Rape Myth Acceptance Scale\textemdash Subtle Version: Using an Adapted Measure to Understand the Declining Rates of Rape Myth Acceptance},
  shorttitle = {The Illinois Rape Myth Acceptance Scale\textemdash Subtle Version},
  author = {Thelan, Alexandra R. and Meadows, Elizabeth A.},
  year = {2021},
  month = jul,
  journal = {Journal of Interpersonal Violence},
  pages = {088626052110300},
  issn = {0886-2605, 1552-6518},
  doi = {10.1177/08862605211030013},
  language = {en}
}

