@article{parent2015,
  title = {I Want Your Sex: The Role of Sexual Exploration in Fostering Positive Sexual Self-Concepts for Heterosexual and Sexual Minority Women.},
  shorttitle = {I Want Your Sex},
  author = {Parent, Mike C. and Talley, Amelia E. and Schwartz, Esther N. and Hancock, David W.},
  year = {2015},
  month = jun,
  journal = {Psychology of Sexual Orientation and Gender Diversity},
  volume = {2},
  number = {2},
  pages = {199--204},
  issn = {2329-0390, 2329-0382},
  doi = {10.1037/sgd0000097},
  language = {en}
}

@incollection{scott-sheldon2013,
  title = {The Sexual Health of Adolescents},
  booktitle = {Handbook of {{Child}} and {{Adolescent Sexuality}}},
  author = {{Scott-Sheldon}, Lori A.J. and Johnson, Blair T.},
  year = {2013},
  pages = {221--251},
  publisher = {{Elsevier}},
  doi = {10.1016/B978-0-12-387759-8.00009-X},
  isbn = {978-0-12-387759-8},
  language = {en}
}

