@article{farmer2009,
  title = {The Forms and Functions of Impulsive Actions: Implications for Behavioral Assessment and Therapy.},
  shorttitle = {The Forms and Functions of Impulsive Actions},
  author = {Farmer, Richard F. and Golden, Jeannie A.},
  year = {2009},
  journal = {International Journal of Behavioral Consultation and Therapy},
  volume = {5},
  number = {1},
  pages = {12--30},
  issn = {1555-7855},
  doi = {10.1037/h0100870},
  language = {en}
}

@article{herrmann2014,
  title = {Examining Delay Discounting of Condom-Protected Sex among Opioid-Dependent Women and Non-Drug-Using Control Women},
  author = {Herrmann, Evan S. and Hand, Dennis J. and Johnson, Matthew W. and Badger, Gary J. and Heil, Sarah H.},
  year = {2014},
  month = nov,
  journal = {Drug and Alcohol Dependence},
  volume = {144},
  pages = {53--60},
  issn = {03768716},
  doi = {10.1016/j.drugalcdep.2014.07.026},
  language = {en}
}

@article{herrmann2015,
  title = {Examining Delay Discounting of Condom-Protected Sex among Men Who Have Sex with Men Using Crowdsourcing Technology},
  author = {Herrmann, Evan S. and Johnson, Patrick S. and Johnson, Matthew W.},
  year = {2015},
  month = sep,
  journal = {AIDS and Behavior},
  volume = {19},
  number = {9},
  pages = {1655--1665},
  issn = {1090-7165, 1573-3254},
  doi = {10.1007/s10461-015-1107-x},
  language = {en}
}

@article{johnson2016,
  title = {Alcohol Increases Delay and Probability Discounting of Condom-Protected Sex: A Novel Vector for Alcohol-Related {{HIV}} Transmission},
  shorttitle = {Alcohol Increases Delay and Probability Discounting of Condom-Protected Sex},
  author = {Johnson, Patrick S. and Sweeney, Mary M. and Herrmann, Evan S. and Johnson, Matthew W.},
  year = {2016},
  month = jun,
  journal = {Alcoholism: Clinical and Experimental Research},
  volume = {40},
  number = {6},
  pages = {1339--1350},
  issn = {01456008},
  doi = {10.1111/acer.13079},
  language = {en}
}

@article{lawyer2010,
  title = {Probability and Delay Discounting of Hypothetical Sexual Outcomes},
  author = {Lawyer, Steven R. and Williams, Sonja A. and Prihodova, Tereza and Rollins, Jason D. and Lester, Anita C.},
  year = {2010},
  month = jul,
  journal = {Behavioural Processes},
  volume = {84},
  number = {3},
  pages = {687--692},
  issn = {03766357},
  doi = {10.1016/j.beproc.2010.04.002},
  language = {en}
}

@article{lawyer2013,
  title = {Predicting Domain-Specific Outcomes Using Delay and Probability Discounting for Sexual versus Monetary Outcomes},
  author = {Lawyer, Steven R. and Schoepflin, Frederick J.},
  year = {2013},
  month = jun,
  journal = {Behavioural Processes},
  volume = {96},
  pages = {71--78},
  issn = {03766357},
  doi = {10.1016/j.beproc.2013.03.001},
  language = {en}
}

