@article{ackerman2017,
  title = {Experts' Views Regarding the Conceptualization of Narcissism},
  author = {Ackerman, Robert A. and Hands, Aaron J. and Donnellan, M. Brent and Hopwood, Christopher J. and Witt, Edward A.},
  year = {2017},
  month = jun,
  journal = {Journal of Personality Disorders},
  volume = {31},
  number = {3},
  pages = {346--361},
  issn = {0885-579X},
  doi = {10/gbhhv3},
  language = {en}
}

@book{americanpsychiatricassociation2013,
  title = {Diagnostic and Statistical Manual of Mental Disorders},
  author = {{American Psychiatric Association}},
  year = {2013},
  month = may,
  edition = {Fifth Edition},
  publisher = {{American Psychiatric Association}},
  doi = {10.1176/appi.books.9780890425596},
  isbn = {978-0-89042-555-8 978-0-89042-557-2},
  language = {en}
}

@article{ames2006,
  title = {The {{NPI-16}} as a Short Measure of Narcissism},
  author = {Ames, Daniel R. and Rose, Paul and Anderson, Cameron P.},
  year = {2006},
  month = aug,
  journal = {Journal of Research in Personality},
  volume = {40},
  number = {4},
  pages = {440--450},
  issn = {00926566},
  doi = {10.1016/j.jrp.2005.03.002},
  language = {en}
}

@article{balafoutas2012,
  title = {Distributional Preferences and Competitive Behavior},
  author = {Balafoutas, Loukas and Kerschbamer, Rudolf and Sutter, Matthias},
  year = {2012},
  month = jun,
  journal = {Journal of Economic Behavior \& Organization},
  series = {Gender {{Differences}} in {{Risk Aversion}} and {{Competition}}},
  volume = {83},
  number = {1},
  pages = {125--135},
  issn = {0167-2681},
  doi = {10.1016/j.jebo.2011.06.018},
  language = {en}
}

@article{baron2010,
  title = {Morally Motivated Self-Regulation},
  author = {Baron, David P.},
  year = {2010},
  month = sep,
  journal = {American Economic Review},
  volume = {100},
  number = {4},
  pages = {1299--1329},
  issn = {0002-8282},
  doi = {10.1257/aer.100.4.1299},
  language = {en}
}

@article{basu2010,
  title = {The Moral Basis of Prosperity and Oppression: Altruism, Other-Regarding Behaviour and Identity},
  shorttitle = {The Moral Basis of Prosperity and Oppression},
  author = {Basu, Kaushik},
  year = {2010},
  journal = {Economics and philosophy},
  volume = {26},
  number = {2},
  pages = {189--216},
  issn = {0266-2671},
  doi = {10.1017/s0266267110000192},
  language = {English}
}

@article{bauer2014,
  title = {Parental Background and Other-Regarding Preferences in Children},
  author = {Bauer, Michal and Chytilov{\'a}, Julie and {Pertold-Gebicka}, Barbara},
  year = {2014},
  month = mar,
  journal = {Experimental Economics},
  volume = {17},
  number = {1},
  pages = {24--46},
  issn = {1573-6938},
  doi = {10.1007/s10683-013-9355-y},
  language = {en}
}

@article{bleske-rechek2008,
  title = {Narcissistic Men and Women Think They Are so Hot \textendash{} but They Are Not},
  author = {{Bleske-Rechek}, April and Remiker, Mark W. and Baker, Jonathan P.},
  year = {2008},
  month = oct,
  journal = {Personality and Individual Differences},
  volume = {45},
  number = {5},
  pages = {420--424},
  issn = {0191-8869},
  doi = {10/ft9dx3},
  language = {en}
}

@article{buelow2014,
  title = {Facets of Grandiose Narcissism Predict Involvement in Health-Risk Behaviors},
  author = {Buelow, Melissa T. and Brunell, Amy B.},
  year = {2014},
  journal = {Personality and Individual Differences},
  volume = {69},
  pages = {193--198},
  publisher = {{Elsevier Science}},
  address = {{Netherlands}},
  issn = {1873-3549},
  doi = {10.1016/j.paid.2014.05.031}
}

@article{bugelmayer2014,
  title = {Spite and Cognitive Skills in Preschoolers},
  author = {B{\"u}gelmayer, Elisabeth and Katharina Spiess, C.},
  year = {2014},
  month = dec,
  journal = {Journal of Economic Psychology},
  volume = {45},
  pages = {154--167},
  issn = {0167-4870},
  doi = {10.1016/j.joep.2014.10.001},
  language = {en}
}

@article{cabondhersin2007,
  title = {{La rationalit\'e des agents \'economiques va-t-elle toujours \`a l'encontre de la coop\'eration ? Le jeu de la poule mouill\'ee}},
  shorttitle = {{La rationalit\'e des agents \'economiques va-t-elle toujours \`a l'encontre de la coop\'eration ?}},
  author = {{Cabon-Dhersin}, Marie-Laure and Ramani, Shyama V.},
  year = {Mar/Apr 2007},
  journal = {Revue d'\'Economie Politique; Paris},
  number = {2},
  pages = {271--284},
  issn = {03732630},
  copyright = {Copyright Editions Dalloz Sirey Mar/Apr 2007},
  language = {French}
}

@article{carlo2011,
  title = {The Longitudinal Relations among Dimensions of Parenting Styles, Sympathy, Prosocial Moral Reasoning, and Prosocial Behaviors},
  author = {Carlo, Gustavo and Mestre, Maria Vicenta and Samper, Paula and Tur, Ana and Armenta, Brian E.},
  year = {2011},
  month = mar,
  journal = {International Journal of Behavioral Development},
  volume = {35},
  number = {2},
  pages = {116--124},
  issn = {0165-0254, 1464-0651},
  doi = {10.1177/0165025410375921},
  language = {en}
}

@article{carlson2011,
  title = {You Probably Think This Paper's about You: Narcissists' Perceptions of Their Personality and Reputation},
  shorttitle = {You Probably Think This Paper's about You},
  author = {Carlson, Erika N. and Vazire, Simine and Oltmanns, Thomas F.},
  year = {2011},
  month = jul,
  journal = {Journal of personality and social psychology},
  volume = {101},
  number = {1},
  pages = {185--201},
  issn = {0022-3514},
  doi = {10/b5dt23},
  pmcid = {PMC3119754},
  pmid = {21604895}
}

@article{castillo2010,
  title = {Moral Hazard and Reciprocity},
  author = {Castillo, Marco and Leo, Gregory},
  year = {2010},
  month = oct,
  journal = {Southern Economic Journal; Stillwater},
  volume = {77},
  number = {2},
  pages = {271--281},
  issn = {00384038},
  doi = {10.4284/sej.2010.77.2.271},
  copyright = {Copyright Southern Economic Association Oct 2010},
  language = {English}
}

@article{corgnet2015,
  title = {The Cognitive Basis of Social Behavior: Cognitive Reflection Overrides Antisocial but Not Always Prosocial Motives},
  shorttitle = {The Cognitive Basis of Social Behavior},
  author = {Corgnet, Brice and Esp{\'i}n, Antonio M. and {Hern{\'a}n-Gonz{\'a}lez}, Roberto},
  year = {2015},
  month = nov,
  journal = {Frontiers in Behavioral Neuroscience},
  volume = {9},
  issn = {1662-5153},
  doi = {10.3389/fnbeh.2015.00287},
  language = {en}
}

@article{ding2017,
  title = {The Rich Are Easily Offended by Unfairness: Wealth Triggers Spiteful Rejection of Unfair Offers},
  shorttitle = {The Rich Are Easily Offended by Unfairness},
  author = {Ding, Yi and Wu, Junhui and Ji, Tingting and Chen, Xu and Van Lange, Paul A. M.},
  year = {2017},
  month = jul,
  journal = {Journal of Experimental Social Psychology},
  volume = {71},
  pages = {138--144},
  issn = {0022-1031},
  doi = {10.1016/j.jesp.2017.03.008},
  language = {en}
}

@article{ewing2016,
  title = {Spitefulness and Deficits in the Social\textendash Perceptual and Social\textendash Cognitive Components of Theory of Mind},
  author = {Ewing, Demitrus and {Zeigler-Hill}, Virgil and Vonk, Jennifer},
  year = {2016},
  month = mar,
  journal = {Personality and Individual Differences},
  volume = {91},
  pages = {7--13},
  issn = {01918869},
  doi = {10.1016/j.paid.2015.11.050},
  language = {en}
}

@article{fehr2002,
  title = {Strong Reciprocity, Human Cooperation, and the Enforcement of Social Norms},
  author = {Fehr, Ernst and Fischbacher, Urs and G{\"a}chter, Simon},
  year = {2002},
  month = mar,
  journal = {Human Nature},
  volume = {13},
  number = {1},
  pages = {1--25},
  issn = {1936-4776},
  doi = {10.1007/s12110-002-1012-7},
  language = {en}
}

@misc{fehr2003,
  title = {The Nature of Human Altruism},
  author = {Fehr, Ernst and Fischbacher, Urs},
  year = {2003},
  month = oct,
  journal = {Nature},
  doi = {10.1038/nature02043},
  howpublished = {http://link.galegroup.com/apps/doc/A187805804/AONE?sid=lms},
  language = {English}
}

@article{fehr2005,
  title = {The Economics of Fairness, Reciprocity and Altruism - Experimental Evidence and New Theories},
  author = {Fehr, Ernst and Schmidt, Klaus M.},
  year = {2005},
  journal = {IDEAS Working Paper Series from RePEc; St. Louis},
  copyright = {Copyright FEDERAL RESERVE BANK OF ST LOUIS 2005},
  language = {English}
}

@article{fehr2008,
  title = {Spite and Development},
  author = {Fehr, Ernst and Hoff, Karla and Kshetramade, Mayuresh},
  year = {2008},
  month = apr,
  journal = {American Economic Review},
  volume = {98},
  number = {2},
  pages = {494--499},
  issn = {0002-8282},
  doi = {10.1257/aer.98.2.494},
  language = {en}
}

@article{forber2014,
  title = {The Evolution of Fairness through Spite},
  author = {Forber, Patrick and Smead, Rory},
  year = {2014},
  journal = {Proceedings: Biological Sciences},
  volume = {281},
  number = {1780},
  pages = {1--8},
  issn = {0962-8452},
  doi = {10.1098/rspb.2013.2439}
}

@article{foster2009,
  title = {Why Do Narcissists Take More Risks? {{Testing}} the Roles of Perceived Risks and Benefits of Risky Behaviors},
  shorttitle = {Why Do Narcissists Take More Risks?},
  author = {Foster, Joshua D. and Shenesey, Jessica W. and Goff, Joshua S.},
  year = {2009},
  month = dec,
  journal = {Personality and Individual Differences},
  volume = {47},
  number = {8},
  pages = {885--889},
  issn = {0191-8869},
  doi = {10.1016/j.paid.2009.07.008},
  language = {en}
}

@article{gadagkar1993,
  title = {Can Animals Be Spiteful?},
  author = {Gadagkar, Raghavendra},
  year = {1993},
  month = jul,
  journal = {Trends in Ecology \& Evolution},
  volume = {8},
  number = {7},
  pages = {232--234},
  issn = {0169-5347},
  doi = {10.1016/0169-5347(93)90196-V},
  language = {en}
}

@article{gardner2004,
  title = {Spite among Siblings},
  author = {Gardner, Andy and West, Stuart A.},
  year = {2004},
  month = sep,
  journal = {Science; Washington},
  volume = {305},
  number = {5689},
  pages = {1413--1414},
  issn = {00368075},
  doi = {10.1126/science.1103635},
  copyright = {Copyright American Association for the Advancement of Science Sep 3, 2004},
  language = {English}
}

@article{gardner2006,
  title = {Spite},
  author = {Gardner, Andy and West, Stuart A.},
  year = {2006},
  doi = {10.1016/j.cub.2006.08.015},
  language = {en}
}

@article{garofalo2017,
  title = {Spitefulness and Psychopathy: A Contribution for an Italian Adaptation},
  shorttitle = {Spitefulness and Psychopathy},
  author = {Garofalo, C. and Rogier, G. and Velotti, P.},
  year = {2017},
  month = apr,
  journal = {European Psychiatry},
  volume = {41},
  pages = {S590-S591},
  issn = {0924-9338},
  doi = {10.1016/j.eurpsy.2017.01.903},
  language = {English}
}

@article{garofalo2019,
  title = {Spiteful and Contemptuous: A New Look at the Emotional Experiences Related to Psychopathy.},
  shorttitle = {Spiteful and Contemptuous},
  author = {Garofalo, Carlo and Neumann, Craig S. and {Zeigler-Hill}, Virgil and Meloy, J. Reid},
  year = {2019},
  month = mar,
  journal = {Personality Disorders: Theory, Research, and Treatment},
  volume = {10},
  number = {2},
  pages = {173--184},
  issn = {1949-2723, 1949-2715},
  doi = {10.1037/per0000310},
  language = {en}
}

@article{gintis2003,
  title = {Explaining Altruistic Behavior in Humans},
  author = {Gintis, Herbert and Bowles, Samuel and Boyd, Robert and Fehr, Ernst},
  year = {2003},
  month = may,
  journal = {Evolution and Human Behavior},
  volume = {24},
  number = {3},
  pages = {153--172},
  issn = {1090-5138},
  doi = {10.1016/S1090-5138(02)00157-5},
  language = {en}
}

@article{grapsas2020,
  title = {The ``Why'' and ``How'' of Narcissism: A Process Model of Narcissistic Status Pursuit},
  shorttitle = {The ``Why'' and ``How'' of Narcissism},
  author = {Grapsas, Stathis and Brummelman, Eddie and Back, Mitja D. and Denissen, Jaap J. A.},
  year = {2020},
  month = jan,
  journal = {Perspectives on Psychological Science},
  volume = {15},
  number = {1},
  pages = {150--172},
  publisher = {{SAGE Publications Inc}},
  issn = {1745-6916},
  doi = {10/ggkddn},
  language = {en}
}

@article{gross2014,
  title = {Emotion, Emotion Regulation, and Psychopathology: An Affective Science Perspective},
  shorttitle = {Emotion, Emotion Regulation, and Psychopathology},
  author = {Gross, James J. and Jazaieri, Hooria},
  year = {2014},
  month = jul,
  journal = {Clinical Psychological Science},
  volume = {2},
  number = {4},
  pages = {387--401},
  issn = {2167-7026, 2167-7034},
  doi = {10.1177/2167702614536164},
  language = {en}
}

@article{guo2017,
  title = {The Associations between Perceived Parenting Styles, Empathy, and Altruistic Choices in Economic Games: A Study of Chinese Children},
  shorttitle = {The Associations between Perceived Parenting Styles, Empathy, and Altruistic Choices in Economic Games},
  author = {Guo, Qingke and Feng, Linlin},
  year = {2017},
  month = oct,
  journal = {Frontiers in Psychology},
  volume = {8},
  issn = {1664-1078},
  doi = {10.3389/fpsyg.2017.01843},
  pmcid = {PMC5650632},
  pmid = {29085324}
}

@article{hamilton1970,
  title = {Selfish and Spiteful Behaviour in an Evolutionary Model},
  author = {Hamilton, W. D.},
  year = {1970},
  month = dec,
  journal = {Nature},
  volume = {228},
  number = {5277},
  pages = {1218--1220},
  issn = {1476-4687},
  doi = {10.1038/2281218a0},
  copyright = {1970 Nature Publishing Group},
  language = {en}
}

@article{hauser2009,
  title = {Evolving the Ingredients for Reciprocity and Spite},
  author = {Hauser, Marc and McAuliffe, Katherine and Blake, Peter R.},
  year = {2009},
  journal = {Philosophical Transactions: Biological Sciences},
  volume = {364},
  number = {1533},
  pages = {3255--3266},
  issn = {0962-8436},
  doi = {10.1098/rstb.2009.0116}
}

@article{hill2006,
  title = {Envy and Positional Bias in the Evolutionary Psychology of Management},
  author = {Hill, Sarah E. and Buss, David M.},
  year = {2006},
  journal = {Managerial and Decision Economics},
  volume = {27},
  number = {2-3},
  pages = {131--143},
  issn = {1099-1468},
  doi = {10.1002/mde.1288},
  copyright = {Copyright \textcopyright{} 2006 John Wiley \& Sons, Ltd.},
  language = {en}
}

@article{hyatt2018,
  title = {Narcissism and Self-Esteem: A Nomological Network Analysis},
  shorttitle = {Narcissism and Self-Esteem},
  author = {Hyatt, Courtland S. and Sleep, Chelsea E. and Lamkin, Joanna and {Maples-Keller}, Jessica L. and Sedikides, Constantine and Campbell, W. Keith and Miller, Joshua D.},
  year = {2018},
  month = aug,
  journal = {PLOS ONE},
  volume = {13},
  number = {8},
  pages = {e0201088},
  publisher = {{Public Library of Science}},
  issn = {1932-6203},
  doi = {10/gdzd3c},
  language = {en}
}

@article{jensen2007,
  title = {Chimpanzees Are Vengeful but Not Spiteful},
  author = {Jensen, Keith and Call, Josep and Tomasello, Michael},
  year = {2007},
  month = aug,
  journal = {Proceedings of the National Academy of Sciences},
  volume = {104},
  number = {32},
  pages = {13046--13050},
  issn = {0027-8424, 1091-6490},
  doi = {10.1073/pnas.0705555104},
  copyright = {\textcopyright{} 2007 by The National Academy of Sciences of the USA},
  language = {en},
  pmid = {17644612}
}

@article{jensen2010,
  title = {Punishment and Spite, the Dark Side of Cooperation},
  author = {Jensen, Keith},
  year = {2010},
  month = sep,
  journal = {Philosophical Transactions of the Royal Society B: Biological Sciences},
  volume = {365},
  number = {1553},
  pages = {2635--2650},
  issn = {0962-8436, 1471-2970},
  doi = {10.1098/rstb.2010.0146},
  language = {en}
}

@article{johnstone2006,
  title = {Evolution of Spite through Indirect Reciprocity},
  author = {Johnstone, Rufus A. and Bshary, Redouan},
  year = {2006},
  language = {en}
}

@article{jonason2017,
  title = {Good v. Evil: Predicting Sinning with Dark Personality Traits and Moral Foundations},
  shorttitle = {Good v. Evil},
  author = {Jonason, Peter K. and {Zeigler-Hill}, Virgil and Okan, Ceylan},
  year = {2017},
  month = jan,
  journal = {Personality and Individual Differences},
  volume = {104},
  pages = {180--185},
  issn = {0191-8869},
  doi = {10.1016/j.paid.2016.08.002},
  language = {en}
}

@article{jonason2018,
  title = {The Fundamental Social Motives That Characterize Dark Personality Traits},
  author = {Jonason, Peter K. and {Zeigler-Hill}, Virgil},
  year = {2018},
  month = oct,
  journal = {Personality and Individual Differences},
  volume = {132},
  pages = {98--107},
  issn = {01918869},
  doi = {10.1016/j.paid.2018.05.031},
  language = {en}
}

@article{jordan2021,
  title = {The Many Faces of Narcissism: Phenomenology, Antecedents, and Consequences},
  shorttitle = {The Many Faces of Narcissism},
  author = {Jordan, Christian H. and Nevicka, Barbara and Sedikides, Constantine},
  year = {2021},
  month = feb,
  journal = {Self and Identity},
  volume = {20},
  number = {2},
  pages = {145--151},
  publisher = {{Routledge}},
  issn = {1529-8868},
  doi = {10/gm98qk}
}

@article{kimbrough2012,
  title = {Measuring the Distribution of Spitefulness},
  author = {Kimbrough, Erik O. and Reiss, J. Philipp},
  year = {2012},
  month = aug,
  journal = {PLOS ONE},
  volume = {7},
  number = {8},
  pages = {e41812},
  issn = {1932-6203},
  doi = {10.1371/journal.pone.0041812},
  language = {en}
}

@article{kircaburun2018,
  title = {The Dark Side of Internet: Preliminary Evidence for the Associations of Dark Personality Traits with Specific Online Activities and Problematic Internet Use},
  shorttitle = {The Dark Side of Internet},
  author = {Kircaburun, Kagan and Griffiths, Mark D.},
  year = {2018},
  month = dec,
  journal = {Journal of Behavioral Addictions},
  volume = {7},
  number = {4},
  pages = {993--1003},
  issn = {2062-5871, 2063-5303},
  doi = {10.1556/2006.7.2018.109},
  language = {en}
}

@article{klempt2012,
  title = {Fairness, Spite, and Intentions: Testing Different Motives behind Punishment in a Prisoners' Dilemma Game},
  shorttitle = {Fairness, Spite, and Intentions},
  author = {Klempt, Charlotte},
  year = {2012},
  month = sep,
  journal = {Economics Letters},
  volume = {116},
  number = {3},
  pages = {429--431},
  issn = {0165-1765},
  doi = {10.1016/j.econlet.2012.04.048},
  language = {en}
}

@article{krupp2013,
  title = {How to Distinguish Altruism from Spite (and Why We Should Bother)},
  author = {Krupp, D. B.},
  year = {2013},
  journal = {Journal of Evolutionary Biology},
  volume = {26},
  number = {12},
  pages = {2746--2749},
  issn = {1420-9101},
  doi = {10.1111/jeb.12253},
  copyright = {\textcopyright{} 2013 The Authors. Journal of Evolutionary Biology \textcopyright{} 2013 European Society For Evolutionary Biology},
  language = {en}
}

@article{leder2021,
  title = {Testing the Relationships between Narcissism, Risk Attitude, and Income with Data from a Representative German Sample},
  author = {Leder, Johannes and Schneider, Sarah and Sch{\"u}tz, Astrid},
  year = {2021},
  month = oct,
  journal = {Personality Science},
  volume = {2},
  pages = {e7293},
  issn = {2700-0710},
  doi = {10.5964/ps.7293}
}

@article{levin2014,
  title = {Public Goods in Relation to Competition, Cooperation, and Spite},
  author = {Levin, Simon A.},
  year = {2014},
  month = jul,
  journal = {Proceedings of the National Academy of Sciences},
  volume = {111},
  number = {Supplement 3},
  pages = {10838--10845},
  issn = {0027-8424, 1091-6490},
  doi = {10.1073/pnas.1400830111},
  language = {en},
  pmid = {25024192}
}

@article{levine1998,
  title = {Modeling Altruism and Spitefulness in Experiments},
  author = {Levine, David K.},
  year = {1998},
  month = jul,
  journal = {Review of Economic Dynamics},
  volume = {1},
  number = {3},
  pages = {593--622},
  issn = {1094-2025},
  doi = {10.1006/redy.1998.0023},
  language = {en}
}

@article{marcus2014,
  title = {The Psychology of Spite and the Measurement of Spitefulness.},
  author = {Marcus, David K. and {Zeigler-Hill}, Virgil and Mercer, Sterett H. and Norris, Alyssa L.},
  year = {2014},
  journal = {Psychological Assessment},
  volume = {26},
  number = {2},
  pages = {563--574},
  issn = {1939-134X, 1040-3590},
  doi = {10.1037/a0036039},
  language = {en}
}

@article{marcus2015,
  title = {A Big Tent of Dark Personality Traits: Dark Personality Traits},
  shorttitle = {A Big Tent of Dark Personality Traits},
  author = {Marcus, David K. and {Zeigler-Hill}, Virgil},
  year = {2015},
  month = aug,
  journal = {Social and Personality Psychology Compass},
  volume = {9},
  number = {8},
  pages = {434--446},
  issn = {17519004},
  doi = {10.1111/spc3.12185},
  language = {en}
}

@article{marlowe2011,
  title = {The `Spiteful' Origins of Human Cooperation},
  author = {Marlowe, Frank W. and Berbesque, J. Colette and Barrett, Clark and Bolyanatz, Alexander and Gurven, Michael and Tracer, David},
  year = {2011},
  month = jul,
  journal = {Proceedings of the Royal Society B: Biological Sciences},
  volume = {278},
  number = {1715},
  pages = {2159--2164},
  doi = {10.1098/rspb.2010.2342}
}

@article{mcauliffe2014,
  title = {Children Reject Inequity out of Spite},
  author = {McAuliffe, Katherine and Blake, Peter R. and Warneken, Felix},
  year = {2014},
  month = dec,
  journal = {Biology Letters},
  volume = {10},
  number = {12},
  pages = {20140743},
  issn = {1744-9561, 1744-957X},
  doi = {10.1098/rsbl.2014.0743},
  language = {en}
}

@article{morgan2003,
  title = {The Spite Motive and Equilibrium Behavior in Auctions},
  author = {Morgan, John and Steiglitz, Ken and Reis, George},
  year = {2003},
  journal = {Contributions in Economic Analysis \& Policy},
  volume = {2},
  number = {1},
  issn = {1538-0645},
  doi = {10.2202/1538-0645.1102}
}

@article{niemi2016,
  title = {When and Why We See Victims as Responsible: The Impact of Ideology on Attitudes toward Victims},
  shorttitle = {When and Why We See Victims as Responsible},
  author = {Niemi, Laura and Young, Liane},
  year = {2016},
  month = sep,
  journal = {Personality and Social Psychology Bulletin},
  volume = {42},
  number = {9},
  pages = {1227--1242},
  publisher = {{SAGE Publications Inc}},
  issn = {0146-1672},
  doi = {10.1177/0146167216653933},
  language = {en}
}

@article{okada2010,
  title = {The Relationship between Vulnerable Narcissism and Aggression in Japanese Undergraduate Students},
  author = {Okada, Ryo},
  year = {2010},
  month = jul,
  journal = {Personality and Individual Differences},
  volume = {49},
  number = {2},
  pages = {113--118},
  issn = {0191-8869},
  doi = {10/c73zz7},
  language = {en}
}

@article{preston1978,
  title = {Schadenfreude and Freudenfreude: A Note about Spitefulness and Altruism},
  shorttitle = {Schadenfreude and Freudenfreude},
  author = {Preston, Lee E.},
  year = {1978},
  month = jun,
  journal = {Journal of Behavioral Economics},
  volume = {7},
  number = {1},
  pages = {127--137},
  issn = {0090-5720},
  doi = {10.1016/0090-5720(78)90017-7},
  language = {en}
}

@article{price1970,
  title = {Selection and Covariance},
  author = {Price, George R.},
  year = {1970},
  month = aug,
  journal = {Nature},
  volume = {227},
  number = {5257},
  pages = {520--521},
  issn = {0028-0836, 1476-4687},
  doi = {10.1038/227520a0},
  language = {en}
}

@article{rodgers2018,
  title = {Self-Regulatory Correlates of Spitefulness},
  author = {Rodgers, Caitlin and Dahling, Jason},
  year = {2018},
  journal = {Personality and Individual Differences},
  volume = {123},
  pages = {257},
  issn = {0191-8869},
  doi = {10.1016/j.paid.2017.11.020},
  language = {eng}
}

@article{rogier2019,
  title = {Aggression among Offenders: The Complex Interplay by Grandiose Narcissism, Spitefulness, and Impulsivity},
  shorttitle = {Aggression among Offenders},
  author = {Rogier, Guyonne and Marzo, Alessia and Velotti, Patrizia},
  year = {2019},
  month = oct,
  journal = {Criminal Justice and Behavior},
  volume = {46},
  number = {10},
  pages = {1475--1492},
  issn = {0093-8548, 1552-3594},
  doi = {10.1177/0093854819862013},
  language = {en}
}

@article{rosenthal2010,
  title = {Narcissism Assessment in Social\textendash Personality Research: Does the Association between Narcissism and Psychological Health Result from a Confound with Self-Esteem?},
  shorttitle = {Narcissism Assessment in Social\textendash Personality Research},
  author = {Rosenthal, Seth A. and Hooley, Jill M.},
  year = {2010},
  month = aug,
  journal = {Journal of Research in Personality},
  volume = {44},
  number = {4},
  pages = {453--465},
  issn = {0092-6566},
  doi = {10/b42wg6},
  language = {en}
}

@article{russell1985,
  title = {Narcissism and the Narcissistic Personality Disorder: A Comparison of the Theories of Kernberg and Kohut},
  shorttitle = {Narcissism and the Narcissistic Personality Disorder},
  author = {Russell, G. A.},
  year = {1985},
  month = jun,
  journal = {The British Journal of Medical Psychology},
  volume = {58 ( Pt 2)},
  pages = {137--148},
  issn = {0007-1129},
  doi = {10.1111/j.2044-8341.1985.tb02626.x},
  language = {eng},
  pmid = {4016018}
}

@misc{schlicht2010,
  title = {Human Wagering Behavior Depends on Opponents' Faces},
  author = {Schlicht, Erik J. and Shimojo, Shinsuke and Camerer, Colin F. and Battaglia, Peter and Nakayama, Ken},
  year = {2010},
  month = jul,
  journal = {PLoS ONE},
  doi = {10.1371/journal.pone.0011663},
  howpublished = {http://link.galegroup.com/apps/doc/A473881542/AONE?sid=lms},
  language = {English}
}

@article{schmitt2017,
  title = {Narcissism and the Strategic Pursuit of Short-Term Mating: Universal Links across 11 World Regions of the International Sexuality Description Project-2},
  shorttitle = {Narcissism and the Strategic Pursuit of Short-Term Mating},
  author = {Schmitt, David P.},
  year = {2017},
  journal = {Psihologijske teme},
  volume = {26},
  number = {1},
  pages = {89--137},
  issn = {18490395, 13320742},
  doi = {10.31820/pt.26.1.5}
}

@article{schultheiss2003,
  title = {Implicit Motives and Sexual Motivation and Behavior},
  author = {Schultheiss, Oliver C. and Dargel, Anja and Rohde, Wolfgang},
  year = {2003},
  month = jun,
  journal = {Journal of Research in Personality},
  volume = {37},
  number = {3},
  pages = {224--230},
  issn = {00926566},
  doi = {10.1016/S0092-6566(02)00568-8},
  language = {en}
}

@article{smead2013,
  title = {The Evolutionary Dynamics of Spite in Finite Populations},
  author = {Smead, Rory and Forber, Patrick},
  year = {2013},
  journal = {Evolution},
  volume = {67},
  number = {3},
  pages = {698--707},
  issn = {0014-3820},
  doi = {10.1111/j.1558-5646.2012.01831.x}
}

@article{smetana2012,
  title = {Reciprocal Associations between Young Children's Developing Moral Judgments and Theory of Mind.},
  author = {Smetana, Judith G. and Jambon, Marc and {Conry-Murray}, Clare and {Sturge-Apple}, Melissa L.},
  year = {2012},
  journal = {Developmental Psychology},
  volume = {48},
  number = {4},
  pages = {1144--1155},
  issn = {1939-0599, 0012-1649},
  doi = {10.1037/a0025891},
  language = {en}
}

@incollection{southard2017,
  title = {Spitefulness Scale},
  booktitle = {Encyclopedia of {{Personality}} and {{Individual Differences}}},
  author = {Southard, Ashton},
  editor = {{Zeigler-Hill}, Virgil and Shackelford, Todd K.},
  year = {2017},
  pages = {1--4},
  publisher = {{Springer International Publishing}},
  address = {{Cham}},
  doi = {10.1007/978-3-319-28099-8_1271-1},
  isbn = {978-3-319-28099-8},
  language = {en}
}

@article{steinbeis2013,
  title = {The Effects of Social Comparison on Social Emotions and Behavior during Childhood: The Ontogeny of Envy and Schadenfreude Predicts Developmental Changes in Equity-Related Decisions},
  shorttitle = {The Effects of Social Comparison on Social Emotions and Behavior during Childhood},
  author = {Steinbeis, Nikolaus and Singer, Tania},
  year = {2013},
  month = may,
  journal = {Journal of Experimental Child Psychology},
  volume = {115},
  number = {1},
  pages = {198--209},
  issn = {0022-0965},
  doi = {10.1016/j.jecp.2012.11.009},
  language = {en}
}

@article{stoeber2017,
  title = {Perfectionism, Social Disconnection, and Interpersonal Hostility: Not All Perfectionists Don't Play Nicely with Others},
  shorttitle = {Perfectionism, Social Disconnection, and Interpersonal Hostility},
  author = {Stoeber, Joachim and Noland, Andrew B. and Mawenu, Theresia W. N. and Henderson, Tayler M. and Kent, Dominique N. P.},
  year = {2017},
  month = dec,
  journal = {Personality and Individual Differences},
  volume = {119},
  pages = {112--117},
  issn = {0191-8869},
  doi = {10.1016/j.paid.2017.07.008},
  language = {en}
}

@article{vrabel2017,
  title = {Spitefulness and Humor Styles},
  author = {Vrabel, Jennifer K. and {Zeigler-Hill}, Virgil and Shango, Rachel G.},
  year = {2017},
  month = jan,
  journal = {Personality and Individual Differences},
  volume = {105},
  pages = {238--243},
  issn = {01918869},
  doi = {10.1016/j.paid.2016.10.001},
  language = {en}
}

@article{wakschlag2005,
  title = {Defining the ``Disruptive'' in Preschool Behavior: What Diagnostic Observation Can Teach Us},
  shorttitle = {Defining the ``Disruptive'' in Preschool Behavior},
  author = {Wakschlag, Lauren S. and Leventhal, Bennett L. and {Briggs-Gowan}, Margaret J. and Danis, Barbara and Keenan, Kate and Hill, Carri and Egger, Helen L. and Cicchetti, Domenic and Carter, Alice S.},
  year = {2005},
  month = sep,
  journal = {Clinical Child and Family Psychology Review},
  volume = {8},
  number = {3},
  pages = {183--201},
  issn = {1573-2827},
  doi = {10.1007/s10567-005-6664-5},
  language = {en}
}

@article{yakeley2018,
  title = {Current Understanding of Narcissism and Narcissistic Personality Disorder},
  author = {Yakeley, Jessica},
  year = {2018},
  month = sep,
  journal = {BJPsych Advances},
  volume = {24},
  number = {5},
  pages = {305--315},
  publisher = {{Cambridge University Press}},
  issn = {2056-4678, 2056-4686},
  doi = {10/gfwddh},
  language = {en}
}

@book{young2006,
  title = {Schema Therapy: A Practitioner's Guide},
  shorttitle = {Schema Therapy},
  author = {Young, Jeffrey E. and Klosko, Janet S. and Weishaar, Marjorie E.},
  year = {2006},
  month = dec,
  edition = {1st edition},
  publisher = {{Guilford Press}},
  isbn = {978-1-59385-372-3},
  language = {English}
}

@article{zajenkowski2015,
  title = {What Makes Narcissists Unhappy? {{Subjectively}} Assessed Intelligence Moderates the Relationship between Narcissism and Psychological Well-Being},
  shorttitle = {What Makes Narcissists Unhappy?},
  author = {Zajenkowski, Marcin and Czarna, Anna Z.},
  year = {2015},
  month = apr,
  journal = {Personality and Individual Differences},
  volume = {77},
  pages = {50--54},
  issn = {0191-8869},
  doi = {10/f638f3},
  language = {en}
}

@article{zeiglerhill2015,
  title = {Dark Personality Features and Emotion Dysregulation},
  author = {{Zeigler-Hill}, Virgil and Vonk, Jennifer},
  year = {2015},
  month = oct,
  journal = {Journal of Social and Clinical Psychology},
  volume = {34},
  number = {8},
  pages = {692--704},
  issn = {0736-7236},
  doi = {10.1521/jscp.2015.34.8.692},
  language = {en}
}

@article{zeiglerhill2015a,
  title = {Spitefulness and Moral Values},
  author = {{Zeigler-Hill}, Virgil and Noser, Amy E. and Roof, Courtney and Vonk, Jennifer and Marcus, David K.},
  year = {2015},
  month = apr,
  journal = {Personality and Individual Differences},
  volume = {77},
  pages = {86--90},
  issn = {01918869},
  doi = {10.1016/j.paid.2014.12.050},
  language = {en}
}

@article{zeiglerhill2018,
  title = {Characterizing Spitefulness in Terms of the {{DSM-5}} Model of Pathological Personality Traits},
  author = {{Zeigler-Hill}, Virgil and Noser, Amy E.},
  year = {2018},
  month = mar,
  journal = {Current Psychology},
  volume = {37},
  number = {1},
  pages = {14--20},
  issn = {1046-1310, 1936-4733},
  doi = {10.1007/s12144-016-9484-5},
  language = {en}
}

