@article{brown1990,
  title = {Reducing Sex Differences in Visual Displays of Dominance: Knowledge Is Power},
  shorttitle = {Reducing Sex Differences in Visual Displays of Dominance},
  author = {Brown, Clifford E. and Dovidio, John F. and Ellyson, Steve L.},
  year = {1990},
  month = jun,
  journal = {Personality and Social Psychology Bulletin},
  volume = {16},
  number = {2},
  pages = {358--368},
  publisher = {{SAGE Publications Inc}},
  issn = {0146-1672},
  doi = {10.1177/0146167290162015},
  language = {en}
}

@article{delton2021,
  title = {Partisans Use Emotions as Social Pressure: Feeling Anger and Gratitude at Exiters and Recruits in Political Groups},
  shorttitle = {Partisans Use Emotions as Social Pressure},
  author = {Delton, Andrew W and Kane, John V and Petersen, Michael Bang and Robertson, Theresa E and Cosmides, Leda},
  year = {2021},
  month = jun,
  journal = {Party Politics},
  pages = {13540688211018796},
  publisher = {{SAGE Publications Ltd}},
  issn = {1354-0688},
  doi = {10.1177/13540688211018796},
  language = {en}
}

@book{forgas2021,
  title = {The Psychology of Populism: The Tribal Challenge to Liberal Democracy},
  shorttitle = {The Psychology of Populism},
  author = {Forgas, Joseph P. and Crano, William D. and Fiedler, Klaus},
  year = {2021},
  month = feb,
  publisher = {{Routledge}},
  googlebooks = {4a4WEAAAQBAJ},
  isbn = {978-1-00-036893-2},
  language = {en}
}

@article{nguyen2021,
  title = {Do Physically Stronger Males Prevail in Non-Physical Conflicts?},
  author = {Nguyen, Dan and Petersen, Michael Bang and Nafziger, Julia and Koch, Alexander Karl},
  year = {2021},
  month = jan,
  journal = {Evolution and Human Behavior},
  volume = {42},
  number = {1},
  pages = {21--29},
  issn = {1090-5138},
  doi = {10.1016/j.evolhumbehav.2020.06.003},
  language = {en}
}

@incollection{petersen2018,
  title = {Facial Displays of Dominance in Non-Human Primates},
  booktitle = {The {{Facial Displays}} of {{Leaders}}},
  author = {Petersen, Rachel M. and Dubuc, Constance and Higham, James P.},
  editor = {Senior, Carl},
  year = {2018},
  pages = {123--143},
  publisher = {{Springer International Publishing}},
  address = {{Cham}},
  doi = {10.1007/978-3-319-94535-4_6},
  isbn = {978-3-319-94535-4},
  language = {en}
}

@article{witkower2020,
  title = {Two Signals of Social Rank: Prestige and Dominance Are Associated with Distinct Nonverbal Displays},
  shorttitle = {Two Signals of Social Rank},
  author = {Witkower, Zachary and Tracy, Jessica L. and Cheng, Joey T. and Henrich, Joseph},
  year = {2020},
  journal = {Journal of Personality and Social Psychology},
  volume = {118},
  number = {1},
  pages = {89--120},
  publisher = {{American Psychological Association}},
  address = {{US}},
  issn = {1939-1315(Electronic),0022-3514(Print)},
  doi = {10.1037/pspi0000181}
}

