@incollection{marshall1993,
  title = {The Importance of Attachment Bonds in the Development of Juvenile Sex Offending.},
  booktitle = {The Juvenile Sex Offender.},
  author = {Marshall, William L. and Hudson, Stephen M. and Hodkinson, Sharon},
  year = {1993},
  pages = {164--181},
  publisher = {{Guilford Press}},
  address = {{New York,  NY,  US}},
  isbn = {0-89862-120-8 (Hardcover)}
}

