@article{hertwig2005,
  title = {Judgments of Risk Frequencies: Tests of Possible Cognitive Mechanisms.},
  shorttitle = {Judgments of Risk Frequencies},
  author = {Hertwig, Ralph and Pachur, Thorsten and Kurzenh{\"a}user, Stephanie},
  year = {2005},
  month = jul,
  journal = {Journal of Experimental Psychology: Learning, Memory, and Cognition},
  volume = {31},
  number = {4},
  pages = {621--642},
  issn = {1939-1285, 0278-7393},
  doi = {10.1037/0278-7393.31.4.621},
  language = {en}
}

@article{kakkar2022,
  title = {The Impact of Leader Dominance on Employees' Zero-Sum Mindset and Helping Behavior.},
  author = {Kakkar, Hemant and Sivanathan, Niro},
  year = {2022},
  month = oct,
  journal = {Journal of Applied Psychology},
  volume = {107},
  number = {10},
  pages = {1706--1724},
  issn = {1939-1854, 0021-9010},
  doi = {10.1037/apl0000980},
  language = {en}
}

@article{yeater2010,
  title = {Cognitive Processes Underlying Women's Risk Judgments: Associations with Sexual Victimization History and Rape Myth Acceptance.},
  shorttitle = {Cognitive Processes Underlying Women's Risk Judgments},
  author = {Yeater, Elizabeth A. and Treat, Teresa A. and Viken, Richard J. and McFall, Richard M.},
  year = {2010},
  journal = {Journal of Consulting and Clinical Psychology},
  volume = {78},
  number = {3},
  pages = {375--386},
  issn = {1939-2117, 0022-006X},
  doi = {10.1037/a0019297},
  language = {en}
}

