@article{spiegel2019,
  title = {Attention Deficit/Hyperactivity Disorder and Increased Engagement in Sexual Risk-Taking Behavior: The Role of Benefit Perception},
  shorttitle = {Attention Deficit/Hyperactivity Disorder and Increased Engagement in Sexual Risk-Taking Behavior},
  author = {Spiegel, Tali and Pollak, Yehuda},
  year = {2019},
  journal = {Frontiers in Psychology},
  volume = {0},
  publisher = {{Frontiers}},
  issn = {1664-1078},
  doi = {10.3389/fpsyg.2019.01043},
  language = {English}
}

