@article{collado2017,
  title = {Discounting of Condom-Protected Sex as a Measure of High Risk for Sexually Transmitted Infection among College Students},
  author = {Collado, Anah{\'i} and Johnson, Patrick S. and Loya, Jennifer M. and Johnson, Matthew W. and Yi, Richard},
  year = {2017},
  month = oct,
  journal = {Archives of Sexual Behavior},
  volume = {46},
  number = {7},
  pages = {2187--2195},
  issn = {0004-0002, 1573-2800},
  doi = {10.1007/s10508-016-0836-x},
  language = {en}
}

@article{daniel2015,
  title = {Episodic Future Thinking Reduces Delay Discounting and Energy Intake in Children},
  author = {Daniel, Tinuke Oluyomi and Said, Michele and Stanton, Christina M. and Epstein, Leonard H.},
  year = {2015},
  month = aug,
  journal = {Eating Behaviors},
  volume = {18},
  pages = {20--24},
  issn = {14710153},
  doi = {10.1016/j.eatbeh.2015.03.006},
  language = {en}
}

@article{dixon2003,
  title = {Delay Discounting by Pathological Gamblers.},
  author = {Dixon, Mark R and Marley, Janice and Jacobs, Eric A},
  year = {2003},
  journal = {Journal of Applied Behavior Analysis},
  volume = {36},
  number = {4},
  pages = {449--458},
  issn = {0021-8855},
  doi = {10.1901/jaba.2003.36-449}
}

@article{johnson2012a,
  title = {The Sexual Discounting Task: {{HIV}} Risk Behavior and the Discounting of Delayed Sexual Rewards in Cocaine Dependence},
  shorttitle = {The Sexual Discounting Task},
  author = {Johnson, Matthew W. and Bruner, Natalie R.},
  year = {2012},
  month = jun,
  journal = {Drug and Alcohol Dependence},
  volume = {123},
  number = {1-3},
  pages = {15--21},
  issn = {03768716},
  doi = {10.1016/j.drugalcdep.2011.09.032},
  language = {en}
}

@article{johnson2016,
  title = {Alcohol Increases Delay and Probability Discounting of Condom-Protected Sex: A Novel Vector for Alcohol-Related {{HIV}} Transmission},
  shorttitle = {Alcohol Increases Delay and Probability Discounting of Condom-Protected Sex},
  author = {Johnson, Patrick S. and Sweeney, Mary M. and Herrmann, Evan S. and Johnson, Matthew W.},
  year = {2016},
  month = jun,
  journal = {Alcoholism: Clinical and Experimental Research},
  volume = {40},
  number = {6},
  pages = {1339--1350},
  issn = {01456008},
  doi = {10.1111/acer.13079},
  language = {en}
}

@article{kirby1999,
  title = {Heroin Addicts Have Higher Discount Rates for Delayed Rewards than Non-Drug-Using Controls.},
  author = {Kirby, Kris N. and Petry, Nancy M. and Bickel, Warren K.},
  year = {1999},
  journal = {Journal of Experimental Psychology: General},
  volume = {128},
  number = {1},
  pages = {78--87},
  issn = {1939-2222, 0096-3445},
  doi = {10.1037/0096-3445.128.1.78},
  language = {en}
}

@article{koffarnus2014,
  title = {A 5-Trial Adjusting Delay Discounting Task: Accurate Discount Rates in Less than One Minute.},
  shorttitle = {A 5-Trial Adjusting Delay Discounting Task},
  author = {Koffarnus, Mikhail N. and Bickel, Warren K.},
  year = {2014},
  journal = {Experimental and Clinical Psychopharmacology},
  volume = {22},
  number = {3},
  pages = {222--228},
  issn = {1936-2293, 1064-1297},
  doi = {10.1037/a0035973},
  language = {en}
}

@article{lin2014,
  title = {Living in the Moment: Effects of Time Perspective and Emotional Valence of Episodic Thinking on Delay Discounting.},
  shorttitle = {Living in the Moment},
  author = {Lin, Henry and Epstein, Leonard H.},
  year = {2014},
  journal = {Behavioral Neuroscience},
  volume = {128},
  number = {1},
  pages = {12--19},
  issn = {1939-0084, 0735-7044},
  doi = {10.1037/a0035705},
  language = {en}
}

@article{stein2016,
  title = {Unstuck in Time: Episodic Future Thinking Reduces Delay Discounting and Cigarette Smoking},
  shorttitle = {Unstuck in Time},
  author = {Stein, Jeffrey S. and Wilson, A. George and Koffarnus, Mikhail N. and Daniel, Tinuke Oluyomi and Epstein, Leonard H. and Bickel, Warren K.},
  year = {2016},
  month = oct,
  journal = {Psychopharmacology},
  volume = {233},
  number = {21-22},
  pages = {3771--3778},
  issn = {0033-3158, 1432-2072},
  doi = {10.1007/s00213-016-4410-y},
  language = {en}
}

@article{stein2018,
  title = {Episodic Future Thinking Reduces Delay Discounting and Cigarette Demand: An Investigation of the Good-Subject Effect},
  shorttitle = {Episodic Future Thinking Reduces Delay Discounting and Cigarette Demand},
  author = {Stein, Jeffrey S. and Tegge, Allison N. and Turner, Jamie K. and Bickel, Warren K.},
  year = {2018},
  month = apr,
  journal = {Journal of Behavioral Medicine},
  volume = {41},
  number = {2},
  pages = {269--276},
  issn = {0160-7715, 1573-3521},
  doi = {10.1007/s10865-017-9908-1},
  language = {en}
}

@article{weller2008,
  title = {Obese Women Show Greater Delay Discounting than Healthy-Weight Women},
  author = {Weller, Rosalyn E. and Cook, Edwin W. and Avsar, Kathy B. and Cox, James E.},
  year = {2008},
  month = nov,
  journal = {Appetite},
  volume = {51},
  number = {3},
  pages = {563--569},
  issn = {01956663},
  doi = {10.1016/j.appet.2008.04.010},
  language = {en}
}

