@article{moll2005,
  title = {The Neural Basis of Human Moral Cognition},
  author = {Moll, Jorge and Zahn, Roland and {de Oliveira-Souza}, Ricardo and Krueger, Frank and Grafman, Jordan},
  year = {2005},
  month = oct,
  journal = {Nature Reviews Neuroscience},
  volume = {6},
  number = {10},
  pages = {799--809},
  issn = {1471-003X, 1471-0048},
  doi = {10.1038/nrn1768},
  language = {en}
}

@article{poeppl2016,
  title = {The Neural Basis of Sex Differences in Sexual Behavior: A Quantitative Meta-Analysis},
  shorttitle = {The Neural Basis of Sex Differences in Sexual Behavior},
  author = {Poeppl, Timm B. and Langguth, Berthold and Rupprecht, Rainer and Safron, Adam and Bzdok, Danilo and Laird, Angela R. and Eickhoff, Simon B.},
  year = {2016},
  month = oct,
  journal = {Frontiers in neuroendocrinology},
  volume = {43},
  pages = {28--43},
  issn = {0091-3022},
  doi = {10.1016/j.yfrne.2016.10.001},
  pmcid = {PMC5123903},
  pmid = {27742561}
}

