@incollection{marcus2016,
  title = {Spite.},
  booktitle = {The Dark Side of Personality: {{Science}} and Practice in Social, Personality, and Clinical Psychology.},
  author = {Marcus, David K. and Norris, Alyssa L.},
  year = {2016},
  pages = {121--133},
  publisher = {{American Psychological Association}},
  address = {{Washington,  DC,  US}},
  doi = {10.1037/14854-007},
  isbn = {1-4338-2187-7 (Hardcover); 1-4338-2188-5 (Digital (undefined format)); 978-1-4338-2187-5 (Hardcover); 978-1-4338-2188-2 (Digital (undefined format))}
}

