@article{hine2021,
  title = {Development and Validation of the Male Rape Myth Acceptance Scale ({{MRMAS}})},
  author = {Hine, Benjamin A. and Murphy, Anthony D. and Churchyard, Jamie S.},
  year = {2021},
  month = jun,
  journal = {Heliyon},
  volume = {7},
  number = {6},
  pages = {e07421},
  issn = {2405-8440},
  doi = {10.1016/j.heliyon.2021.e07421},
  language = {en}
}

@article{jost2005,
  title = {Exposure to Benevolent Sexism and Complementary Gender Stereotypes: Consequences for Specific and Diffuse Forms of System Justification.},
  shorttitle = {Exposure to Benevolent Sexism and Complementary Gender Stereotypes},
  author = {Jost, John T. and Kay, Aaron C.},
  year = {2005},
  journal = {Journal of Personality and Social Psychology},
  volume = {88},
  number = {3},
  pages = {498--509},
  issn = {1939-1315, 0022-3514},
  doi = {10.1037/0022-3514.88.3.498},
  language = {en}
}

@article{thelan2021,
  title = {The Illinois Rape Myth Acceptance Scale\textemdash Subtle Version: Using an Adapted Measure to Understand the Declining Rates of Rape Myth Acceptance},
  shorttitle = {The Illinois Rape Myth Acceptance Scale\textemdash Subtle Version},
  author = {Thelan, Alexandra R. and Meadows, Elizabeth A.},
  year = {2021},
  month = jul,
  journal = {Journal of Interpersonal Violence},
  pages = {088626052110300},
  issn = {0886-2605, 1552-6518},
  doi = {10.1177/08862605211030013},
  language = {en}
}

