@article{atance2001,
  title = {Episodic Future Thinking},
  author = {Atance, Cristina M. and O'Neill, Daniela K.},
  year = {2001},
  month = dec,
  journal = {Trends in Cognitive Sciences},
  volume = {5},
  number = {12},
  pages = {533--539},
  issn = {13646613},
  doi = {10.1016/S1364-6613(00)01804-0},
  language = {en}
}

@article{brookes2006,
  title = {The Analysis of 51 Genes in {{DSM-IV}} Combined Type Attention Deficit Hyperactivity Disorder: Association Signals in {{DRD4}}, {{DAT1}} and 16 Other Genes},
  shorttitle = {The Analysis of 51 Genes in {{DSM-IV}} Combined Type Attention Deficit Hyperactivity Disorder},
  author = {Brookes, K and Xu, X and Chen, W and Zhou, K and Neale, B and Lowe, N and Aneey, R and Franke, B and Gill, M and Ebstein, R and Buitelaar, J and Sham, P and Campbell, D and Knight, J and Andreou, P and Altink, M and Arnold, R and Boer, F and Buschgens, C and Butler, L and Christiansen, H and Feldman, L and Fleischman, K and Fliers, E and {Howe-Forbes}, R and Goldfarb, A and Heise, A and Gabri{\"e}ls, I and {Korn-Lubetzki}, I and Marco, R and Medad, S and Minderaa, R and Mulas, F and M{\"u}ller, U and Mulligan, A and Rabin, K and Rommelse, N and Sethna, V and Sorohan, J and Uebel, H and Psychogiou, L and Weeks, A and Barrett, R and Craig, I and Banaschewski, T and {Sonuga-Barke}, E and Eisenberg, J and Kuntsi, J and Manor, I and McGuffin, P and Miranda, A and Oades, R D and Plomin, R and Roeyers, H and Rothenberger, A and Sergeant, J and Steinhausen, H-C and Taylor, E and Thompson, M and Faraone, S V and Asherson, P and Johansson, L},
  year = {2006},
  month = oct,
  journal = {Molecular Psychiatry},
  volume = {11},
  number = {10},
  pages = {934--953},
  issn = {1359-4184, 1476-5578},
  doi = {10.1038/sj.mp.4001869},
  language = {en}
}

@article{bulley2017,
  title = {The Influence of Episodic Foresight on Delay Discounting and Demand for Alcohol},
  author = {Bulley, Adam and Gullo, Matthew J.},
  year = {2017},
  month = mar,
  journal = {Addictive Behaviors},
  volume = {66},
  pages = {1--6},
  issn = {03064603},
  doi = {10.1016/j.addbeh.2016.11.003},
  language = {en}
}

@article{castellanos2002,
  title = {Neuroscience of Attention-Deficit/Hyperactivity Disorder: The Search for Endophenotypes},
  shorttitle = {Neuroscience of Attention-Deficit/Hyperactivity Disorder},
  author = {Castellanos, F. Xavier and Tannock, Rosemary},
  year = {2002},
  month = aug,
  journal = {Nature Reviews Neuroscience},
  volume = {3},
  number = {8},
  pages = {617--628},
  issn = {1471-003X, 1471-0048},
  doi = {10.1038/nrn896},
  language = {en}
}

@misc{CDC2018,
  title = {Sexually Transmitted Disease Surveillance 2017},
  author = {{Center for Disease Control {and} Prevention}},
  year = {2018},
  publisher = {{CDC}}
}

@article{collado2017,
  title = {Discounting of Condom-Protected Sex as a Measure of High Risk for Sexually Transmitted Infection among College Students},
  author = {Collado, Anah{\'i} and Johnson, Patrick S. and Loya, Jennifer M. and Johnson, Matthew W. and Yi, Richard},
  year = {2017},
  month = oct,
  journal = {Archives of Sexual Behavior},
  volume = {46},
  number = {7},
  pages = {2187--2195},
  issn = {0004-0002, 1573-2800},
  doi = {10.1007/s10508-016-0836-x},
  language = {en}
}

@article{cunningham2009,
  title = {Relationships between Perceived Std-Related Stigma, Std-Related Shame and Std Screening among a Household Sample of Adolescents},
  author = {Cunningham, Shayna D. and Kerrigan, Deanna L. and Jennings, Jacky M. and Ellen, Jonathan M.},
  year = {2009},
  month = dec,
  journal = {Perspectives on Sexual and Reproductive Health},
  volume = {41},
  number = {4},
  pages = {225--230},
  issn = {15386341},
  doi = {10.1363/4122509},
  language = {en}
}

@article{daniel2015,
  title = {Episodic Future Thinking Reduces Delay Discounting and Energy Intake in Children},
  author = {Daniel, Tinuke Oluyomi and Said, Michele and Stanton, Christina M. and Epstein, Leonard H.},
  year = {2015},
  month = aug,
  journal = {Eating Behaviors},
  volume = {18},
  pages = {20--24},
  issn = {14710153},
  doi = {10.1016/j.eatbeh.2015.03.006},
  language = {en}
}

@article{dixon2003,
  title = {Delay Discounting by Pathological Gamblers.},
  author = {Dixon, Mark R and Marley, Janice and Jacobs, Eric A},
  year = {2003},
  journal = {Journal of Applied Behavior Analysis},
  volume = {36},
  number = {4},
  pages = {449--458},
  issn = {0021-8855},
  doi = {10.1901/jaba.2003.36-449}
}

@article{farmer2009,
  title = {The Forms and Functions of Impulsive Actions: Implications for Behavioral Assessment and Therapy.},
  shorttitle = {The Forms and Functions of Impulsive Actions},
  author = {Farmer, Richard F. and Golden, Jeannie A.},
  year = {2009},
  journal = {International Journal of Behavioral Consultation and Therapy},
  volume = {5},
  number = {1},
  pages = {12--30},
  issn = {1555-7855},
  doi = {10.1037/h0100870},
  language = {en}
}

@article{fonner2014,
  title = {School Based Sex Education and {{HIV}} Prevention in Low- and Middle-Income Countries: A Systematic Review and Meta-Analysis},
  shorttitle = {School Based Sex Education and {{HIV}} Prevention in Low- and Middle-Income Countries},
  author = {Fonner, Virginia A. and Armstrong, Kevin S. and Kennedy, Caitlin E. and O'Reilly, Kevin R. and Sweat, Michael D.},
  editor = {Vermund, Sten H.},
  year = {2014},
  month = mar,
  journal = {PLoS ONE},
  volume = {9},
  number = {3},
  pages = {e89692},
  issn = {1932-6203},
  doi = {10.1371/journal.pone.0089692},
  language = {en}
}

@article{garolla2011,
  title = {The Role of Human Papillomavirus on Sperm Function:},
  shorttitle = {The Role of Human Papillomavirus on Sperm Function},
  author = {Garolla, Andrea and Pizzol, Damiano and Foresta, Carlo},
  year = {2011},
  month = aug,
  journal = {Current Opinion in Obstetrics and Gynecology},
  volume = {23},
  number = {4},
  pages = {232--237},
  issn = {1040-872X},
  doi = {10.1097/GCO.0b013e328348a3a4},
  language = {en}
}

@book{gelman2006,
  title = {Data Analysis Using Regression and Multilevel/Hierarchical Models},
  author = {Gelman, A and Hill, J},
  year = {2006},
  edition = {1st},
  publisher = {{Cambridge University Press}},
  address = {{New York}}
}

@article{giordano2002,
  title = {Mild Opioid Deprivation Increases the Degree That Opioid-Dependent Outpatients Discount Delayed Heroin and Money},
  author = {Giordano, Louis and Bickel, Warren and Loewenstein, George and Jacobs, Eric and Marsch, Lisa and Badger, Gary},
  year = {2002},
  month = sep,
  journal = {Psychopharmacology},
  volume = {163},
  number = {2},
  pages = {174--182},
  issn = {0033-3158, 1432-2072},
  doi = {10.1007/s00213-002-1159-2}
}

@article{gomez2013,
  title = {Untreated Maternal Syphilis and Adverse Outcomes of Pregnancy: A Systematic Review and Meta-Analysis},
  shorttitle = {Untreated Maternal Syphilis and Adverse Outcomes of Pregnancy},
  author = {Gomez, Gabriela B and Kamb, Mary L and Newman, Lori M and Mark, Jennifer and Broutet, Nathalie and Hawkes, Sarah J},
  year = {2013},
  month = mar,
  journal = {Bulletin of the World Health Organization},
  volume = {91},
  number = {3},
  pages = {217--226},
  issn = {0042-9686},
  doi = {10.2471/BLT.12.107623}
}

@article{herrmann2014,
  title = {Examining Delay Discounting of Condom-Protected Sex among Opioid-Dependent Women and Non-Drug-Using Control Women},
  author = {Herrmann, Evan S. and Hand, Dennis J. and Johnson, Matthew W. and Badger, Gary J. and Heil, Sarah H.},
  year = {2014},
  month = nov,
  journal = {Drug and Alcohol Dependence},
  volume = {144},
  pages = {53--60},
  issn = {03768716},
  doi = {10.1016/j.drugalcdep.2014.07.026},
  language = {en}
}

@article{herrmann2015,
  title = {Examining Delay Discounting of Condom-Protected Sex among Men Who Have Sex with Men Using Crowdsourcing Technology},
  author = {Herrmann, Evan S. and Johnson, Patrick S. and Johnson, Matthew W.},
  year = {2015},
  month = sep,
  journal = {AIDS and Behavior},
  volume = {19},
  number = {9},
  pages = {1655--1665},
  issn = {1090-7165, 1573-3254},
  doi = {10.1007/s10461-015-1107-x},
  language = {en}
}

@article{johnson2012a,
  title = {The Sexual Discounting Task: {{HIV}} Risk Behavior and the Discounting of Delayed Sexual Rewards in Cocaine Dependence},
  shorttitle = {The Sexual Discounting Task},
  author = {Johnson, Matthew W. and Bruner, Natalie R.},
  year = {2012},
  month = jun,
  journal = {Drug and Alcohol Dependence},
  volume = {123},
  number = {1-3},
  pages = {15--21},
  issn = {03768716},
  doi = {10.1016/j.drugalcdep.2011.09.032},
  language = {en}
}

@article{johnson2016,
  title = {Alcohol Increases Delay and Probability Discounting of Condom-Protected Sex: A Novel Vector for Alcohol-Related {{HIV}} Transmission},
  shorttitle = {Alcohol Increases Delay and Probability Discounting of Condom-Protected Sex},
  author = {Johnson, Patrick S. and Sweeney, Mary M. and Herrmann, Evan S. and Johnson, Matthew W.},
  year = {2016},
  month = jun,
  journal = {Alcoholism: Clinical and Experimental Research},
  volume = {40},
  number = {6},
  pages = {1339--1350},
  issn = {01456008},
  doi = {10.1111/acer.13079},
  language = {en}
}

@article{johnson2017,
  title = {Cocaine Administration Dose-Dependently Increases Sexual Desire and Decreases Condom Use Likelihood: The Role of Delay and Probability Discounting in Connecting Cocaine with {{HIV}}},
  shorttitle = {Cocaine Administration Dose-Dependently Increases Sexual Desire and Decreases Condom Use Likelihood},
  author = {Johnson, Matthew W. and Herrmann, Evan S. and Sweeney, Mary M. and LeComte, Robert S. and Johnson, Patrick S.},
  year = {2017},
  month = feb,
  journal = {Psychopharmacology},
  volume = {234},
  number = {4},
  pages = {599--612},
  issn = {0033-3158, 1432-2072},
  doi = {10.1007/s00213-016-4493-5},
  language = {en}
}

@article{kirby1999,
  title = {Heroin Addicts Have Higher Discount Rates for Delayed Rewards than Non-Drug-Using Controls.},
  author = {Kirby, Kris N. and Petry, Nancy M. and Bickel, Warren K.},
  year = {1999},
  journal = {Journal of Experimental Psychology: General},
  volume = {128},
  number = {1},
  pages = {78--87},
  issn = {1939-2222, 0096-3445},
  doi = {10.1037/0096-3445.128.1.78},
  language = {en}
}

@article{kirby2007,
  title = {Sex and {{HIV}} Education Programs: Their Impact on Sexual Behaviors of Young People throughout the World},
  shorttitle = {Sex and {{HIV}} Education Programs},
  author = {Kirby, Douglas B. and Laris, B.A. and Rolleri, Lori A.},
  year = {2007},
  month = mar,
  journal = {Journal of Adolescent Health},
  volume = {40},
  number = {3},
  pages = {206--217},
  issn = {1054139X},
  doi = {10.1016/j.jadohealth.2006.11.143},
  language = {en}
}

@article{koffarnus2014,
  title = {A 5-Trial Adjusting Delay Discounting Task: Accurate Discount Rates in Less than One Minute.},
  shorttitle = {A 5-Trial Adjusting Delay Discounting Task},
  author = {Koffarnus, Mikhail N. and Bickel, Warren K.},
  year = {2014},
  journal = {Experimental and Clinical Psychopharmacology},
  volume = {22},
  number = {3},
  pages = {222--228},
  issn = {1936-2293, 1064-1297},
  doi = {10.1037/a0035973},
  language = {en}
}

@article{lawyer2010,
  title = {Probability and Delay Discounting of Hypothetical Sexual Outcomes},
  author = {Lawyer, Steven R. and Williams, Sonja A. and Prihodova, Tereza and Rollins, Jason D. and Lester, Anita C.},
  year = {2010},
  month = jul,
  journal = {Behavioural Processes},
  volume = {84},
  number = {3},
  pages = {687--692},
  issn = {03766357},
  doi = {10.1016/j.beproc.2010.04.002},
  language = {en}
}

@article{lawyer2013,
  title = {Predicting Domain-Specific Outcomes Using Delay and Probability Discounting for Sexual versus Monetary Outcomes},
  author = {Lawyer, Steven R. and Schoepflin, Frederick J.},
  year = {2013},
  month = jun,
  journal = {Behavioural Processes},
  volume = {96},
  pages = {71--78},
  issn = {03766357},
  doi = {10.1016/j.beproc.2013.03.001},
  language = {en}
}

@article{liu2016,
  title = {Bias in Self-Reported Condom Use: Association between over-Reported Condom Use and Syphilis in a Three-Site Study in China},
  shorttitle = {Bias in Self-Reported Condom Use},
  author = {Liu, Hongjie and Morisky, Donald E. and Lin, Xinqin and Ma, Erjian and Jiang, Baofa and Yin, Yueping},
  year = {2016},
  month = jun,
  journal = {AIDS and Behavior},
  volume = {20},
  number = {6},
  pages = {1343--1352},
  issn = {1090-7165, 1573-3254},
  doi = {10.1007/s10461-015-1269-6},
  language = {en}
}

@incollection{madden2010,
  title = {A Delay-Discounting Primer.},
  booktitle = {Impulsivity: {{The}} Behavioral and Neurological Science of Discounting.},
  author = {Madden, Gregory J. and Johnson, Patrick S.},
  editor = {Madden, Gregory J. and Bickel, Warren K.},
  year = {2010},
  pages = {11--37},
  publisher = {{American Psychological Association}},
  address = {{Washington}},
  doi = {10.1037/12069-001},
  isbn = {978-1-4338-0477-9 978-1-4338-0820-3},
  language = {en}
}

@article{madore2015,
  title = {Creativity and Memory: Effects of an Episodic-Specificity Induction on Divergent Thinking},
  shorttitle = {Creativity and Memory},
  author = {Madore, Kevin P. and Addis, Donna Rose and Schacter, Daniel L.},
  year = {2015},
  month = sep,
  journal = {Psychological Science},
  volume = {26},
  number = {9},
  pages = {1461--1468},
  issn = {0956-7976, 1467-9280},
  doi = {10.1177/0956797615591863},
  language = {en}
}

@article{mckerchar2009,
  title = {A Comparison of Four Models of Delay Discounting in Humans},
  author = {McKerchar, Todd L. and Green, Leonard and Myerson, Joel and Pickford, T. Stephen and Hill, Jade C. and Stout, Steven C.},
  year = {2009},
  month = jun,
  journal = {Behavioural Processes},
  volume = {81},
  number = {2},
  pages = {256--259},
  issn = {03766357},
  doi = {10.1016/j.beproc.2008.12.017},
  language = {en}
}

@article{morris2014,
  title = {Sexually Transmitted Infection Related Stigma and Shame among African American Male Youth: Implications for Testing Practices, Partner Notification, and Treatment},
  shorttitle = {Sexually Transmitted Infection Related Stigma and Shame among African American Male Youth},
  author = {Morris, Jessica L. and Lippman, Sheri A. and Philip, Susan and Bernstein, Kyle and Neilands, Torsten B. and Lightfoot, Marguerita},
  year = {2014},
  month = sep,
  journal = {AIDS Patient Care and STDs},
  volume = {28},
  number = {9},
  pages = {499--506},
  issn = {1087-2914, 1557-7449},
  doi = {10.1089/apc.2013.0316},
  language = {en}
}

@misc{ncsl2016,
  title = {State Policies on Sex Education in Schools},
  author = {NCSL},
  year = {2016},
  publisher = {{National Conference of State Legislatures}}
}

@article{neroni2014,
  title = {Does Episodic Future Thinking Improve Prospective Remembering?},
  author = {Neroni, Maria Adriana and Gamboz, Nadia and Brandimonte, Maria A.},
  year = {2014},
  month = jan,
  journal = {Consciousness and Cognition},
  volume = {23},
  pages = {53--62},
  issn = {10538100},
  doi = {10.1016/j.concog.2013.12.001},
  language = {en}
}

@article{nichols2008,
  title = {The Good-Subject Effect: Investigating Participant Demand Characteristics},
  shorttitle = {The Good-Subject Effect},
  author = {Nichols, Austin Lee and Maner, Jon K.},
  year = {2008},
  month = apr,
  journal = {The Journal of General Psychology},
  volume = {135},
  number = {2},
  pages = {151--166},
  issn = {0022-1309, 1940-0888},
  doi = {10.3200/GENP.135.2.151-166},
  language = {en}
}

@article{odonnell2018,
  title = {Mix and Match: An Investigation into Whether Episodic Future Thinking Cues Need to Match Discounting Delays in Order to Be Effective},
  shorttitle = {Mix and Match},
  author = {O'Donnell, Sara and {Hollis-Hansen}, Kelseanna and Epstein, Leonard},
  year = {2018},
  month = dec,
  journal = {Behavioral Sciences},
  volume = {9},
  number = {1},
  pages = {1},
  issn = {2076-328X},
  doi = {10.3390/bs9010001},
  language = {en}
}

@article{rao2017,
  title = {Social Desirability Bias and Prevalence of Sexual {{HIV}} Risk Behaviors among People Who Use Drugs in Baltimore, Maryland: Implications for Identifying Individuals Prone to Underreporting Sexual Risk Behaviors},
  shorttitle = {Social Desirability Bias and Prevalence of Sexual {{HIV}} Risk Behaviors among People Who Use Drugs in Baltimore, Maryland},
  author = {Rao, Amrita and Tobin, Karin and {Davey-Rothwell}, Melissa and Latkin, Carl A.},
  year = {2017},
  month = jul,
  journal = {AIDS and Behavior},
  volume = {21},
  number = {7},
  pages = {2207--2214},
  issn = {1090-7165, 1573-3254},
  doi = {10.1007/s10461-017-1792-8},
  language = {en}
}

@article{richards1999,
  title = {Delay or Probability Discounting in a Model of Impulsive Behavior: Effect of Alcohol.},
  shorttitle = {Delay or Probability Discounting in a Model of Impulsive Behavior},
  author = {Richards, J B and Zhang, L and Mitchell, S H and {de Wit}, H},
  year = {1999},
  month = mar,
  journal = {Journal of the Experimental Analysis of Behavior},
  volume = {71},
  number = {2},
  pages = {121--143},
  issn = {0022-5002},
  doi = {10.1901/jeab.1999.71-121}
}

@article{roberts2014,
  title = {Identifying the Facets of Impulsivity That Explain the Relation between {{ADHD}} Symptoms and Substance Use in a Nonclinical Sample},
  author = {Roberts, Walter and Peters, Jessica R. and Adams, Zachary W. and Lynam, Donald R. and Milich, Richard},
  year = {2014},
  month = aug,
  journal = {Addictive Behaviors},
  volume = {39},
  number = {8},
  pages = {1272--1277},
  issn = {03064603},
  doi = {10.1016/j.addbeh.2014.04.005},
  language = {en}
}

@article{satterwhite2013,
  title = {Sexually Transmitted Infections among {{US}} Women and Men: Prevalence and Incidence Estimates, 2008},
  shorttitle = {Sexually Transmitted Infections among {{US}} Women and Men},
  author = {Satterwhite, Catherine Lindsey and Torrone, Elizabeth and Meites, Elissa and Dunne, Eileen F. and Mahajan, Reena and Ocfemia, M. Cheryl Ba{\~n}ez and Su, John and Xu, Fujie and Weinstock, Hillard},
  year = {2013},
  month = mar,
  journal = {Sexually Transmitted Diseases},
  volume = {40},
  number = {3},
  pages = {187--193},
  issn = {0148-5717},
  doi = {10.1097/OLQ.0b013e318286bb53},
  language = {en}
}

@article{snider2016,
  title = {Episodic Future Thinking: Expansion of the Temporal Window in Individuals with Alcohol Dependence},
  shorttitle = {Episodic Future Thinking},
  author = {Snider, Sarah E. and LaConte, Stephen M. and Bickel, Warren K.},
  year = {2016},
  month = jul,
  journal = {Alcoholism: Clinical and Experimental Research},
  volume = {40},
  number = {7},
  pages = {1558--1566},
  issn = {01456008},
  doi = {10.1111/acer.13112},
  language = {en}
}

@article{stangerhall2011,
  title = {Abstinence-Only Education and Teen Pregnancy Rates: Why We Need Comprehensive Sex Education in the {{U}}.{{S}}},
  shorttitle = {Abstinence-Only Education and Teen Pregnancy Rates},
  author = {{Stanger-Hall}, Kathrin F. and Hall, David W.},
  editor = {Vitzthum, Virginia J.},
  year = {2011},
  month = oct,
  journal = {PLoS ONE},
  volume = {6},
  number = {10},
  pages = {e24658},
  issn = {1932-6203},
  doi = {10.1371/journal.pone.0024658},
  language = {en}
}

@article{stein2016,
  title = {Unstuck in Time: Episodic Future Thinking Reduces Delay Discounting and Cigarette Smoking},
  shorttitle = {Unstuck in Time},
  author = {Stein, Jeffrey S. and Wilson, A. George and Koffarnus, Mikhail N. and Daniel, Tinuke Oluyomi and Epstein, Leonard H. and Bickel, Warren K.},
  year = {2016},
  month = oct,
  journal = {Psychopharmacology},
  volume = {233},
  number = {21-22},
  pages = {3771--3778},
  issn = {0033-3158, 1432-2072},
  doi = {10.1007/s00213-016-4410-y},
  language = {en}
}

@article{stein2017,
  title = {Think Fast: Rapid Assessment of the Effects of Episodic Future Thinking on Delay Discounting in Overweight/Obese Participants},
  shorttitle = {Think Fast},
  author = {Stein, Jeffrey S. and Sze, Yan Yan and Athamneh, Liqa and Koffarnus, Mikhail N. and Epstein, Leonard H. and Bickel, Warren K.},
  year = {2017},
  month = oct,
  journal = {Journal of Behavioral Medicine},
  volume = {40},
  number = {5},
  pages = {832--838},
  issn = {0160-7715, 1573-3521},
  doi = {10.1007/s10865-017-9857-8},
  language = {en}
}

@article{stein2018,
  title = {Episodic Future Thinking Reduces Delay Discounting and Cigarette Demand: An Investigation of the Good-Subject Effect},
  shorttitle = {Episodic Future Thinking Reduces Delay Discounting and Cigarette Demand},
  author = {Stein, Jeffrey S. and Tegge, Allison N. and Turner, Jamie K. and Bickel, Warren K.},
  year = {2018},
  month = apr,
  journal = {Journal of Behavioral Medicine},
  volume = {41},
  number = {2},
  pages = {269--276},
  issn = {0160-7715, 1573-3521},
  doi = {10.1007/s10865-017-9908-1},
  language = {en}
}

@article{vartanian2016,
  title = {The Parallel Impact of Episodic Memory and Episodic Future Thinking on Food Intake},
  author = {Vartanian, Lenny R. and Chen, William H. and Reily, Natalie M. and Castel, Alan D.},
  year = {2016},
  month = jun,
  journal = {Appetite},
  volume = {101},
  pages = {31--36},
  issn = {01956663},
  doi = {10.1016/j.appet.2016.02.149},
  language = {en}
}

@article{weller2008,
  title = {Obese Women Show Greater Delay Discounting than Healthy-Weight Women},
  author = {Weller, Rosalyn E. and Cook, Edwin W. and Avsar, Kathy B. and Cox, James E.},
  year = {2008},
  month = nov,
  journal = {Appetite},
  volume = {51},
  number = {3},
  pages = {563--569},
  issn = {01956663},
  doi = {10.1016/j.appet.2008.04.010},
  language = {en}
}

@article{young2007,
  title = {Potential Moral Stigma and Reactions to Sexually Transmitted Diseases: Evidence for a Disjunction Fallacy},
  shorttitle = {Potential Moral Stigma and Reactions to Sexually Transmitted Diseases},
  author = {Young, Sean D. and Nussbaum, A. David and Monin, Beno{\^i}t},
  year = {2007},
  month = jun,
  journal = {Personality and Social Psychology Bulletin},
  volume = {33},
  number = {6},
  pages = {789--799},
  issn = {0146-1672, 1552-7433},
  doi = {10.1177/0146167207301027},
  language = {en}
}

@article{zhu2010,
  title = {Maternal and Congenital Syphilis in Shanghai, China, 2002 to 2006},
  author = {Zhu, Liping and Qin, Min and Du, Li and Xie, Ri-hua and Wong, Tom and Wen, Shi Wu},
  year = {2010},
  month = sep,
  journal = {International Journal of Infectious Diseases},
  volume = {14},
  pages = {e45-e48},
  issn = {12019712},
  doi = {10.1016/j.ijid.2009.09.009},
  language = {en}
}

