@article{berry2018,
  title = {Does Being Drunk or High Cause {{HIV}} Sexual Risk Behavior? {{A}} Systematic Review of Drug Administration Studies},
  shorttitle = {Does Being Drunk or High Cause {{HIV}} Sexual Risk Behavior?},
  author = {Berry, Meredith S. and Johnson, Matthew W.},
  year = {2018},
  month = jan,
  journal = {Pharmacology Biochemistry and Behavior},
  volume = {164},
  pages = {125--138},
  issn = {00913057},
  doi = {10.1016/j.pbb.2017.08.009},
  language = {en}
}

@article{cunningham2009,
  title = {Relationships between Perceived Std-Related Stigma, Std-Related Shame and Std Screening among a Household Sample of Adolescents},
  author = {Cunningham, Shayna D. and Kerrigan, Deanna L. and Jennings, Jacky M. and Ellen, Jonathan M.},
  year = {2009},
  month = dec,
  journal = {Perspectives on Sexual and Reproductive Health},
  volume = {41},
  number = {4},
  pages = {225--230},
  issn = {15386341},
  doi = {10.1363/4122509},
  language = {en}
}

@article{farmer2009,
  title = {The Forms and Functions of Impulsive Actions: Implications for Behavioral Assessment and Therapy.},
  shorttitle = {The Forms and Functions of Impulsive Actions},
  author = {Farmer, Richard F. and Golden, Jeannie A.},
  year = {2009},
  journal = {International Journal of Behavioral Consultation and Therapy},
  volume = {5},
  number = {1},
  pages = {12--30},
  issn = {1555-7855},
  doi = {10.1037/h0100870},
  language = {en}
}

@article{garolla2011,
  title = {The Role of Human Papillomavirus on Sperm Function:},
  shorttitle = {The Role of Human Papillomavirus on Sperm Function},
  author = {Garolla, Andrea and Pizzol, Damiano and Foresta, Carlo},
  year = {2011},
  month = aug,
  journal = {Current Opinion in Obstetrics and Gynecology},
  volume = {23},
  number = {4},
  pages = {232--237},
  issn = {1040-872X},
  doi = {10.1097/GCO.0b013e328348a3a4},
  language = {en}
}

@article{gomez2013,
  title = {Untreated Maternal Syphilis and Adverse Outcomes of Pregnancy: A Systematic Review and Meta-Analysis},
  shorttitle = {Untreated Maternal Syphilis and Adverse Outcomes of Pregnancy},
  author = {Gomez, Gabriela B and Kamb, Mary L and Newman, Lori M and Mark, Jennifer and Broutet, Nathalie and Hawkes, Sarah J},
  year = {2013},
  month = mar,
  journal = {Bulletin of the World Health Organization},
  volume = {91},
  number = {3},
  pages = {217--226},
  issn = {0042-9686},
  doi = {10.2471/BLT.12.107623}
}

@article{herrmann2014,
  title = {Examining Delay Discounting of Condom-Protected Sex among Opioid-Dependent Women and Non-Drug-Using Control Women},
  author = {Herrmann, Evan S. and Hand, Dennis J. and Johnson, Matthew W. and Badger, Gary J. and Heil, Sarah H.},
  year = {2014},
  month = nov,
  journal = {Drug and Alcohol Dependence},
  volume = {144},
  pages = {53--60},
  issn = {03768716},
  doi = {10.1016/j.drugalcdep.2014.07.026},
  language = {en}
}

@article{herrmann2015,
  title = {Examining Delay Discounting of Condom-Protected Sex among Men Who Have Sex with Men Using Crowdsourcing Technology},
  author = {Herrmann, Evan S. and Johnson, Patrick S. and Johnson, Matthew W.},
  year = {2015},
  month = sep,
  journal = {AIDS and Behavior},
  volume = {19},
  number = {9},
  pages = {1655--1665},
  issn = {1090-7165, 1573-3254},
  doi = {10.1007/s10461-015-1107-x},
  language = {en}
}

@article{johnson2016,
  title = {Alcohol Increases Delay and Probability Discounting of Condom-Protected Sex: A Novel Vector for Alcohol-Related {{HIV}} Transmission},
  shorttitle = {Alcohol Increases Delay and Probability Discounting of Condom-Protected Sex},
  author = {Johnson, Patrick S. and Sweeney, Mary M. and Herrmann, Evan S. and Johnson, Matthew W.},
  year = {2016},
  month = jun,
  journal = {Alcoholism: Clinical and Experimental Research},
  volume = {40},
  number = {6},
  pages = {1339--1350},
  issn = {01456008},
  doi = {10.1111/acer.13079},
  language = {en}
}

@article{kirby2007,
  title = {Sex and {{HIV}} Education Programs: Their Impact on Sexual Behaviors of Young People throughout the World},
  shorttitle = {Sex and {{HIV}} Education Programs},
  author = {Kirby, Douglas B. and Laris, B.A. and Rolleri, Lori A.},
  year = {2007},
  month = mar,
  journal = {Journal of Adolescent Health},
  volume = {40},
  number = {3},
  pages = {206--217},
  issn = {1054139X},
  doi = {10.1016/j.jadohealth.2006.11.143},
  language = {en}
}

@article{lawyer2010,
  title = {Probability and Delay Discounting of Hypothetical Sexual Outcomes},
  author = {Lawyer, Steven R. and Williams, Sonja A. and Prihodova, Tereza and Rollins, Jason D. and Lester, Anita C.},
  year = {2010},
  month = jul,
  journal = {Behavioural Processes},
  volume = {84},
  number = {3},
  pages = {687--692},
  issn = {03766357},
  doi = {10.1016/j.beproc.2010.04.002},
  language = {en}
}

@article{lawyer2013,
  title = {Predicting Domain-Specific Outcomes Using Delay and Probability Discounting for Sexual versus Monetary Outcomes},
  author = {Lawyer, Steven R. and Schoepflin, Frederick J.},
  year = {2013},
  month = jun,
  journal = {Behavioural Processes},
  volume = {96},
  pages = {71--78},
  issn = {03766357},
  doi = {10.1016/j.beproc.2013.03.001},
  language = {en}
}

@article{locey2011,
  title = {Real and Hypothetical Rewards},
  author = {Locey, Matthew and {Bryan Jones} and Rachlin, Howard},
  year = {2011},
  journal = {Judgement and Decision-Making},
  volume = {6},
  number = {6},
  pages = {552--564}
}

@article{madden2003,
  title = {Delay Discounting of Real and Hypothetical Rewards.},
  author = {Madden, Gregory J. and Begotka, Andrea M. and Raiff, Bethany R. and Kastern, Lana L.},
  year = {2003},
  journal = {Experimental and Clinical Psychopharmacology},
  volume = {11},
  number = {2},
  pages = {139--145},
  issn = {1936-2293, 1064-1297},
  doi = {10.1037/1064-1297.11.2.139},
  language = {en}
}

@incollection{madden2010,
  title = {A Delay-Discounting Primer.},
  booktitle = {Impulsivity: {{The}} Behavioral and Neurological Science of Discounting.},
  author = {Madden, Gregory J. and Johnson, Patrick S.},
  editor = {Madden, Gregory J. and Bickel, Warren K.},
  year = {2010},
  pages = {11--37},
  publisher = {{American Psychological Association}},
  address = {{Washington}},
  doi = {10.1037/12069-001},
  isbn = {978-1-4338-0477-9 978-1-4338-0820-3},
  language = {en}
}

@article{mckerchar2009,
  title = {A Comparison of Four Models of Delay Discounting in Humans},
  author = {McKerchar, Todd L. and Green, Leonard and Myerson, Joel and Pickford, T. Stephen and Hill, Jade C. and Stout, Steven C.},
  year = {2009},
  month = jun,
  journal = {Behavioural Processes},
  volume = {81},
  number = {2},
  pages = {256--259},
  issn = {03766357},
  doi = {10.1016/j.beproc.2008.12.017},
  language = {en}
}

@article{morris2014,
  title = {Sexually Transmitted Infection Related Stigma and Shame among African American Male Youth: Implications for Testing Practices, Partner Notification, and Treatment},
  shorttitle = {Sexually Transmitted Infection Related Stigma and Shame among African American Male Youth},
  author = {Morris, Jessica L. and Lippman, Sheri A. and Philip, Susan and Bernstein, Kyle and Neilands, Torsten B. and Lightfoot, Marguerita},
  year = {2014},
  month = sep,
  journal = {AIDS Patient Care and STDs},
  volume = {28},
  number = {9},
  pages = {499--506},
  issn = {1087-2914, 1557-7449},
  doi = {10.1089/apc.2013.0316},
  language = {en}
}

@misc{ncsl2016,
  title = {State Policies on Sex Education in Schools},
  author = {NCSL},
  year = {2016},
  publisher = {{National Conference of State Legislatures}}
}

@article{odonnell2018,
  title = {Mix and Match: An Investigation into Whether Episodic Future Thinking Cues Need to Match Discounting Delays in Order to Be Effective},
  shorttitle = {Mix and Match},
  author = {O'Donnell, Sara and {Hollis-Hansen}, Kelseanna and Epstein, Leonard},
  year = {2018},
  month = dec,
  journal = {Behavioral Sciences},
  volume = {9},
  number = {1},
  pages = {1},
  issn = {2076-328X},
  doi = {10.3390/bs9010001},
  language = {en}
}

@article{richards1999,
  title = {Delay or Probability Discounting in a Model of Impulsive Behavior: Effect of Alcohol.},
  shorttitle = {Delay or Probability Discounting in a Model of Impulsive Behavior},
  author = {Richards, J B and Zhang, L and Mitchell, S H and {de Wit}, H},
  year = {1999},
  month = mar,
  journal = {Journal of the Experimental Analysis of Behavior},
  volume = {71},
  number = {2},
  pages = {121--143},
  issn = {0022-5002},
  doi = {10.1901/jeab.1999.71-121}
}

@article{satterwhite2013,
  title = {Sexually Transmitted Infections among {{US}} Women and Men: Prevalence and Incidence Estimates, 2008},
  shorttitle = {Sexually Transmitted Infections among {{US}} Women and Men},
  author = {Satterwhite, Catherine Lindsey and Torrone, Elizabeth and Meites, Elissa and Dunne, Eileen F. and Mahajan, Reena and Ocfemia, M. Cheryl Ba{\~n}ez and Su, John and Xu, Fujie and Weinstock, Hillard},
  year = {2013},
  month = mar,
  journal = {Sexually Transmitted Diseases},
  volume = {40},
  number = {3},
  pages = {187--193},
  issn = {0148-5717},
  doi = {10.1097/OLQ.0b013e318286bb53},
  language = {en}
}

@article{wald2001,
  title = {Effect of Condoms on Reducing the Transmission of Herpes Simplex Virus Type 2 from Men to Women},
  author = {Wald, Anna},
  year = {2001},
  month = jun,
  journal = {JAMA},
  volume = {285},
  number = {24},
  pages = {3100},
  issn = {0098-7484},
  doi = {10.1001/jama.285.24.3100},
  language = {en}
}

@article{young2007,
  title = {Potential Moral Stigma and Reactions to Sexually Transmitted Diseases: Evidence for a Disjunction Fallacy},
  shorttitle = {Potential Moral Stigma and Reactions to Sexually Transmitted Diseases},
  author = {Young, Sean D. and Nussbaum, A. David and Monin, Beno{\^i}t},
  year = {2007},
  month = jun,
  journal = {Personality and Social Psychology Bulletin},
  volume = {33},
  number = {6},
  pages = {789--799},
  issn = {0146-1672, 1552-7433},
  doi = {10.1177/0146167207301027},
  language = {en}
}

@article{zhu2010,
  title = {Maternal and Congenital Syphilis in Shanghai, China, 2002 to 2006},
  author = {Zhu, Liping and Qin, Min and Du, Li and Xie, Ri-hua and Wong, Tom and Wen, Shi Wu},
  year = {2010},
  month = sep,
  journal = {International Journal of Infectious Diseases},
  volume = {14},
  pages = {e45-e48},
  issn = {12019712},
  doi = {10.1016/j.ijid.2009.09.009},
  language = {en}
}

